
@article{Bonino:2024qbh,
    author = "Bonino, Leonardo and Gehrmann, Thomas and Stagnitto, Giovanni",
    title = "{Semi-inclusive deep-inelastic scattering at NNLO in QCD}",
    eprint = "2401.16281",
    archivePrefix = "arXiv",
    primaryClass = "hep-ph",
    reportNumber = "ZU-TH 07/24",
    month = "1",
    year = "2024"
}

@article{Aschenauer:2019kzf,
    author = "Aschenauer, Elke C. and Borsa, Ignacio and Sassot, Rodolfo and Van Hulse, Charlotte",
    title = "{Semi-inclusive Deep-Inelastic Scattering, Parton Distributions and Fragmentation Functions at a Future Electron-Ion Collider}",
    eprint = "1902.10663",
    archivePrefix = "arXiv",
    primaryClass = "hep-ph",
    doi = "10.1103/PhysRevD.99.094004",
    journal = "Phys. Rev. D",
    volume = "99",
    number = "9",
    pages = "094004",
    year = "2019"
}

% parametric integration (some papers by van Neerven)
@article{Matsuura:1988sm,
    author = "Matsuura, T. and van der Marck, S. C. and van Neerven, W. L.",
    title = "{The Calculation of the Second Order Soft and Virtual Contributions to the Drell-Yan Cross-Section}",
    reportNumber = "Print-88-0798 (LEIDEN)",
    doi = "10.1016/0550-3213(89)90620-2",
    journal = "Nucl. Phys. B",
    volume = "319",
    pages = "570--622",
    year = "1989"
}
@article{Zijlstra:1992qd,
    author = "Zijlstra, E. B. and van Neerven, W. L.",
    title = "{Order alpha-s**2 QCD corrections to the deep inelastic proton structure functions F2 and F(L)}",
    reportNumber = "INLO-PUB-1-92",
    doi = "10.1016/0550-3213(92)90087-R",
    journal = "Nucl. Phys. B",
    volume = "383",
    pages = "525--574",
    year = "1992"
}
@article{Rijken:1996ns,
    author = "Rijken, P. J. and van Neerven, W. L.",
    title = "{Higher order QCD corrections to the transverse and longitudinal fragmentation functions in electron - positron annihilation}",
    eprint = "hep-ph/9609377",
    archivePrefix = "arXiv",
    reportNumber = "INLO-PUB-09-96",
    doi = "10.1016/S0550-3213(96)00669-4",
    journal = "Nucl. Phys. B",
    volume = "487",
    pages = "233--282",
    year = "1997"
}
@article{Ravindran:2003um,
    author = "Ravindran, V. and Smith, J. and van Neerven, W. L.",
    title = "{NNLO corrections to the total cross-section for Higgs boson production in hadron hadron collisions}",
    eprint = "hep-ph/0302135",
    archivePrefix = "arXiv",
    reportNumber = "YITP-SB-03-02, INLO-PUB-01-03",
    doi = "10.1016/S0550-3213(03)00457-7",
    journal = "Nucl. Phys. B",
    volume = "665",
    pages = "325--366",
    year = "2003"
}
@article{vanNeerven:1991nn,
    author = "van Neerven, W. L. and Zijlstra, E. B.",
    title = "{Order alpha-s**2 contributions to the deep inelastic Wilson coefficient}",
    reportNumber = "INLO-PUB-3-91",
    doi = "10.1016/0370-2693(91)91024-P",
    journal = "Phys. Lett. B",
    volume = "272",
    pages = "127--133",
    year = "1991"
}

% NLO SIDID CFs
@article{Altarelli:1979kv,
    author = "Altarelli, Guido and Ellis, R. Keith and Martinelli, G. and Pi, So-Young",
    title = "{Processes Involving Fragmentation Functions Beyond the Leading Order in QCD}",
    reportNumber = "MIT-CTP-793",
    doi = "10.1016/0550-3213(79)90062-2",
    journal = "Nucl. Phys. B",
    volume = "160",
    pages = "301--329",
    year = "1979"
}
@article{Furmanski:1981cw,
    author = "Furmanski, W. and Petronzio, R.",
    title = "{Lepton - Hadron Processes Beyond Leading Order in Quantum Chromodynamics}",
    reportNumber = "CERN-TH-3046",
    doi = "10.1007/BF01578280",
    journal = "Z. Phys. C",
    volume = "11",
    pages = "293",
    year = "1982"
}

% QCD form factor at 4 loops
@article{Lee:2022nhh,
    author = "Lee, Roman N. and von Manteuffel, Andreas and Schabinger, Robert M. and Smirnov, Alexander V. and Smirnov, Vladimir A. and Steinhauser, Matthias",
    title = "{Quark and Gluon Form Factors in Four-Loop QCD}",
    eprint = "2202.04660",
    archivePrefix = "arXiv",
    primaryClass = "hep-ph",
    reportNumber = "MSUHEP-22-003, P3H-22-014, TTP22-008",
    doi = "10.1103/PhysRevLett.128.212002",
    journal = "Phys. Rev. Lett.",
    volume = "128",
    number = "21",
    pages = "212002",
    year = "2022"
}

%AP kernels
@article{Moch:2004pa,
    author = "Moch, S. and Vermaseren, J. A. M. and Vogt, A.",
    title = "{The Three loop splitting functions in QCD: The Nonsinglet case}",
    eprint = "hep-ph/0403192",
    archivePrefix = "arXiv",
    reportNumber = "DESY-04-047, SFB-CPP-04-09, NIKHEF-04-001",
    doi = "10.1016/j.nuclphysb.2004.03.030",
    journal = "Nucl. Phys. B",
    volume = "688",
    pages = "101--134",
    year = "2004"
}
@article{Vogt:2004mw,
    author = "Vogt, A. and Moch, S. and Vermaseren, J. A. M.",
    title = "{The Three-loop splitting functions in QCD: The Singlet case}",
    eprint = "hep-ph/0404111",
    archivePrefix = "arXiv",
    reportNumber = "NIKHEF-04-004, DESY-04-060, SFB-CPP-04-12",
    doi = "10.1016/j.nuclphysb.2004.04.024",
    journal = "Nucl. Phys. B",
    volume = "691",
    pages = "129--181",
    year = "2004"
}
@article{Almasy:2011eq,
    author = "Almasy, A. A. and Moch, S. and Vogt, A.",
    title = "{On the Next-to-Next-to-Leading Order Evolution of Flavour-Singlet Fragmentation Functions}",
    eprint = "1107.2263",
    archivePrefix = "arXiv",
    primaryClass = "hep-ph",
    reportNumber = "LTH-916, DESY-11-108, SFB-CPP-11-33, LPN11-34",
    doi = "10.1016/j.nuclphysb.2011.08.028",
    journal = "Nucl. Phys. B",
    volume = "854",
    pages = "133--152",
    year = "2012"
}
@article{Chen:2020uvt,
    author = "Chen, Hao and Yang, Tong-Zhi and Zhu, Hua Xing and Zhu, Yu Jiao",
    title = "{Analytic Continuation and Reciprocity Relation for Collinear Splitting in QCD}",
    eprint = "2006.10534",
    archivePrefix = "arXiv",
    primaryClass = "hep-ph",
    doi = "10.1088/1674-1137/abde2d",
    journal = "Chin. Phys. C",
    volume = "45",
    number = "4",
    pages = "043101",
    year = "2021"
}

%FORM refs
@article{Kuipers:2012rf,
    author = "Kuipers, J. and Ueda, T. and Vermaseren, J. A. M. and Vollinga, J.",
    title = "{FORM version 4.0}",
    eprint = "1203.6543",
    archivePrefix = "arXiv",
    primaryClass = "cs.SC",
    reportNumber = "NIKHEF-2012-004, TTP12-008, SFB-CPP-12-15",
    doi = "10.1016/j.cpc.2012.12.028",
    journal = "Comput. Phys. Commun.",
    volume = "184",
    pages = "1453--1467",
    year = "2013"
}
@article{Ruijl:2017dtg,
    author = "Ruijl, Ben and Ueda, Takahiro and Vermaseren, Jos",
    title = "{FORM version 4.2}",
    eprint = "1707.06453",
    archivePrefix = "arXiv",
    primaryClass = "hep-ph",
    month = "7",
    year = "2017"
}

@article{Cacciari:2001cw,
    author = "Cacciari, Matteo and Catani, Stefano",
    title = "{Soft gluon resummation for the fragmentation of light and heavy quarks at large x}",
    eprint = "hep-ph/0107138",
    archivePrefix = "arXiv",
    reportNumber = "CERN-TH-2001-174, UPRF-2001-11",
    doi = "10.1016/S0550-3213(01)00469-2",
    journal = "Nucl. Phys. B",
    volume = "617",
    pages = "253--290",
    year = "2001"
}

@article{Anderle:2012rq,
    author = "Anderle, Daniele P. and Ringer, Felix and Vogelsang, Werner",
    title = "{QCD resummation for semi-inclusive hadron production processes}",
    eprint = "1212.2099",
    archivePrefix = "arXiv",
    primaryClass = "hep-ph",
    doi = "10.1103/PhysRevD.87.034014",
    journal = "Phys. Rev. D",
    volume = "87",
    number = "3",
    pages = "034014",
    year = "2013"
}

@article{Anderle:2013lka,
    author = "Anderle, Daniele P. and Ringer, Felix and Vogelsang, Werner",
    title = "{Threshold resummation for polarized (semi-)inclusive deep inelastic scattering}",
    eprint = "1304.1373",
    archivePrefix = "arXiv",
    primaryClass = "hep-ph",
    doi = "10.1103/PhysRevD.87.094021",
    journal = "Phys. Rev. D",
    volume = "87",
    pages = "094021",
    year = "2013"
}

@article{Abele:2021nyo,
    author = "Abele, Maurizio and de Florian, Daniel and Vogelsang, Werner",
    title = "{Approximate NNLO QCD corrections to semi-inclusive DIS}",
    eprint = "2109.00847",
    archivePrefix = "arXiv",
    primaryClass = "hep-ph",
    doi = "10.1103/PhysRevD.104.094046",
    journal = "Phys. Rev. D",
    volume = "104",
    number = "9",
    pages = "094046",
    year = "2021"
}

@article{Abele:2022wuy,
    author = "Abele, Maurizio and de Florian, Daniel and Vogelsang, Werner",
    title = "{Threshold resummation at NLL3 accuracy and approximate N3LO corrections to semi-inclusive DIS}",
    eprint = "2203.07928",
    archivePrefix = "arXiv",
    primaryClass = "hep-ph",
    doi = "10.1103/PhysRevD.106.014015",
    journal = "Phys. Rev. D",
    volume = "106",
    number = "1",
    pages = "014015",
    year = "2022"
}

@phdthesis{Matsuura:1989kx,
    author = "Matsuura, Tsuyoshi",
    title = "{Higher order corrections to the drell-yan process}",
    reportNumber = "RX-1253 (LEIDEN)",
    school = "Leiden U.",
    year = "1989"
}

@article{Anastasiou:2003gr,
    author = "Anastasiou, Charalampos and Melnikov, Kirill and Petriello, Frank",
    title = "{A new method for real radiation at NNLO}",
    eprint = "hep-ph/0311311",
    archivePrefix = "arXiv",
    reportNumber = "SLAC-PUB-10252, UH-511-1039-03",
    doi = "10.1103/PhysRevD.69.076010",
    journal = "Phys. Rev. D",
    volume = "69",
    pages = "076010",
    year = "2004"
}

@article{Anastasiou:2012kq,
    author = "Anastasiou, Charalampos and Buehler, Stephan and Duhr, Claude and Herzog, Franz",
    title = "{NNLO phase space master integrals for two-to-one inclusive cross sections in dimensional regularization}",
    eprint = "1208.3130",
    archivePrefix = "arXiv",
    primaryClass = "hep-ph",
    doi = "10.1007/JHEP11(2012)062",
    journal = "JHEP",
    volume = "11",
    pages = "062",
    year = "2012"
}


@article{Catani:1998bh,
    author = "Catani, Stefano",
    title = "{The Singular behavior of QCD amplitudes at two loop order}",
    eprint = "hep-ph/9802439",
    archivePrefix = "arXiv",
    reportNumber = "CERN-TH-98-42, LPTHE-ORSAY-97-57",
    doi = "10.1016/S0370-2693(98)00332-3",
    journal = "Phys. Lett. B",
    volume = "427",
    pages = "161--171",
    year = "1998"
}

@article{Sterman:2002qn,
    author = "Sterman, George F. and Tejeda-Yeomans, Maria E.",
    title = "{Multiloop amplitudes and resummation}",
    eprint = "hep-ph/0210130",
    archivePrefix = "arXiv",
    reportNumber = "YITP-SB-02-56",
    doi = "10.1016/S0370-2693(02)03100-3",
    journal = "Phys. Lett. B",
    volume = "552",
    pages = "48--56",
    year = "2003"
}

@article{Becher:2009cu,
    author = "Becher, Thomas and Neubert, Matthias",
    title = "{Infrared singularities of scattering amplitudes in perturbative QCD}",
    eprint = "0901.0722",
    archivePrefix = "arXiv",
    primaryClass = "hep-ph",
    reportNumber = "FERMILAB-PUB-09-002-T, MZ-TH-09-01",
    doi = "10.1103/PhysRevLett.102.162001",
    journal = "Phys. Rev. Lett.",
    volume = "102",
    pages = "162001",
    year = "2009",
    note = "[Erratum: Phys.Rev.Lett. 111, 199905 (2013)]"
}

@article{Gardi:2009qi,
    author = "Gardi, Einan and Magnea, Lorenzo",
    title = "{Factorization constraints for soft anomalous dimensions in QCD scattering amplitudes}",
    eprint = "0901.1091",
    archivePrefix = "arXiv",
    primaryClass = "hep-ph",
    reportNumber = "EDINBURGH-2008-35, DFTT-29-2008",
    doi = "10.1088/1126-6708/2009/03/079",
    journal = "JHEP",
    volume = "03",
    pages = "079",
    year = "2009"
}

@article{Ravindran:2004mb,
    author = "Ravindran, V. and Smith, J. and van Neerven, W. L.",
    title = "{Two-loop corrections to Higgs boson production}",
    eprint = "hep-ph/0408315",
    archivePrefix = "arXiv",
    reportNumber = "YITP-SB-04-46",
    doi = "10.1016/j.nuclphysb.2004.10.039",
    journal = "Nucl. Phys. B",
    volume = "704",
    pages = "332--348",
    year = "2005"
}

@article{Ravindran:2006cg,
    author = "Ravindran, V.",
    title = "{Higher-order threshold effects to inclusive processes in QCD}",
    eprint = "hep-ph/0603041",
    archivePrefix = "arXiv",
    reportNumber = "HRI-03-2006",
    doi = "10.1016/j.nuclphysb.2006.06.025",
    journal = "Nucl. Phys. B",
    volume = "752",
    pages = "173--196",
    year = "2006"
}


@article{Mitov:2006xs,
    author = "Mitov, A. and Moch, S.",
    title = "{The Singular behavior of massive QCD amplitudes}",
    eprint = "hep-ph/0612149",
    archivePrefix = "arXiv",
    reportNumber = "DESY-06-216, SFB-CPP-06-53",
    doi = "10.1088/1126-6708/2007/05/001",
    journal = "JHEP",
    volume = "05",
    pages = "001",
    year = "2007"
}

@article{Becher:2009kw,
    author = "Becher, Thomas and Neubert, Matthias",
    title = "{Infrared singularities of QCD amplitudes with massive partons}",
    eprint = "0904.1021",
    archivePrefix = "arXiv",
    primaryClass = "hep-ph",
    reportNumber = "FERMILAB-PUB-09-099-T, MZ-TH-09-11",
    doi = "10.1103/PhysRevD.79.125004",
    journal = "Phys. Rev. D",
    volume = "79",
    pages = "125004",
    year = "2009",
    note = "[Erratum: Phys.Rev.D 80, 109901 (2009)]"
}


@article{Broadhurst:1991fy,
    author = "Broadhurst, David J. and Gray, N. and Schilcher, K.",
    title = "{Gauge invariant on-shell Z(2) in QED, QCD and the effective field theory of a static quark}",
    reportNumber = "OUT-4102-29",
    doi = "10.1007/BF01412333",
    journal = "Z. Phys. C",
    volume = "52",
    pages = "111--122",
    year = "1991"
}

@article{Melnikov:2000zc,
    author = "Melnikov, Kirill and van Ritbergen, Timo",
    title = "{The Three loop on-shell renormalization of QCD and QED}",
    eprint = "hep-ph/0005131",
    archivePrefix = "arXiv",
    reportNumber = "SLAC-PUB-8450, TTP-00-08",
    doi = "10.1016/S0550-3213(00)00526-5",
    journal = "Nucl. Phys. B",
    volume = "591",
    pages = "515--546",
    year = "2000"
}

@article{Marquard:2007uj,
    author = "Marquard, P. and Mihaila, L. and Piclum, J. H. and Steinhauser, M.",
    title = "{Relation between the pole and the minimally subtracted mass in dimensional regularization and dimensional reduction to three-loop order}",
    eprint = "hep-ph/0702185",
    archivePrefix = "arXiv",
    reportNumber = "DESY-07-016, SFB-CPP-07-04, TTP-07-04",
    doi = "10.1016/j.nuclphysb.2007.03.010",
    journal = "Nucl. Phys. B",
    volume = "773",
    pages = "1--18",
    year = "2007"
}

@article{Marquard:2015qpa,
    author = "Marquard, Peter and Smirnov, Alexander V. and Smirnov, Vladimir A. and Steinhauser, Matthias",
    title = "{Quark Mass Relations to Four-Loop Order in Perturbative QCD}",
    eprint = "1502.01030",
    archivePrefix = "arXiv",
    primaryClass = "hep-ph",
    reportNumber = "DESY-15-013, TTP15-01, SFB-CPP-14-120",
    doi = "10.1103/PhysRevLett.114.142002",
    journal = "Phys. Rev. Lett.",
    volume = "114",
    number = "14",
    pages = "142002",
    year = "2015"
}

@article{Marquard:2016dcn,
    author = "Marquard, Peter and Smirnov, Alexander V. and Smirnov, Vladimir A. and Steinhauser, Matthias and Wellmann, David",
    title = "{$\overline{\rm MS}$-on-shell quark mass relation up to four loops in QCD and a general SU$(N)$ gauge group}",
    eprint = "1606.06754",
    archivePrefix = "arXiv",
    primaryClass = "hep-ph",
    reportNumber = "DESY-16-106, TTP16-023",
    doi = "10.1103/PhysRevD.94.074025",
    journal = "Phys. Rev. D",
    volume = "94",
    number = "7",
    pages = "074025",
    year = "2016"
}

@article{Marquard:2018rwx,
    author = "Marquard, Peter and Smirnov, Alexander V. and Smirnov, Vladimir A. and Steinhauser, Matthias",
    title = "{Four-loop wave function renormalization in QCD and QED}",
    eprint = "1801.08292",
    archivePrefix = "arXiv",
    primaryClass = "hep-ph",
    reportNumber = "DESY-18-011, TTP18-007",
    doi = "10.1103/PhysRevD.97.054032",
    journal = "Phys. Rev. D",
    volume = "97",
    number = "5",
    pages = "054032",
    year = "2018"
}

@article{Tarasov:1980au,
    author = "Tarasov, O. V. and Vladimirov, A. A. and Zharkov, A. Yu.",
    title = "{The Gell-Mann-Low Function of QCD in the Three Loop Approximation}",
    doi = "10.1016/0370-2693(80)90358-5",
    journal = "Phys. Lett. B",
    volume = "93",
    pages = "429--432",
    year = "1980"
}

@article{Larin:1993tp,
    author = "Larin, S. A. and Vermaseren, J. A. M.",
    title = "{The Three loop QCD Beta function and anomalous dimensions}",
    eprint = "hep-ph/9302208",
    archivePrefix = "arXiv",
    reportNumber = "NIKHEF-H-92-17",
    doi = "10.1016/0370-2693(93)91441-O",
    journal = "Phys. Lett. B",
    volume = "303",
    pages = "334--336",
    year = "1993"
}

@article{vanRitbergen:1997va,
    author = "van Ritbergen, T. and Vermaseren, J. A. M. and Larin, S. A.",
    title = "{The Four loop beta function in quantum chromodynamics}",
    eprint = "hep-ph/9701390",
    archivePrefix = "arXiv",
    reportNumber = "UM-TH-97-01, NIKHEF-97-001",
    doi = "10.1016/S0370-2693(97)00370-5",
    journal = "Phys. Lett. B",
    volume = "400",
    pages = "379--384",
    year = "1997"
}

@article{Czakon:2004bu,
    author = "Czakon, M.",
    title = "{The Four-loop QCD beta-function and anomalous dimensions}",
    eprint = "hep-ph/0411261",
    archivePrefix = "arXiv",
    reportNumber = "DESY-04-223, SFB-CPP-04-62",
    doi = "10.1016/j.nuclphysb.2005.01.012",
    journal = "Nucl. Phys. B",
    volume = "710",
    pages = "485--498",
    year = "2005"
}

@article{Baikov:2016tgj,
    author = {Baikov, P. A. and Chetyrkin, K. G. and K\"uhn, J. H.},
    title = "{Five-Loop Running of the QCD coupling constant}",
    eprint = "1606.08659",
    archivePrefix = "arXiv",
    primaryClass = "hep-ph",
    reportNumber = "TTP16-026",
    doi = "10.1103/PhysRevLett.118.082002",
    journal = "Phys. Rev. Lett.",
    volume = "118",
    number = "8",
    pages = "082002",
    year = "2017"
}

@article{Herzog:2017ohr,
    author = "Herzog, F. and Ruijl, B. and Ueda, T. and Vermaseren, J. A. M. and Vogt, A.",
    title = "{The five-loop beta function of Yang-Mills theory with fermions}",
    eprint = "1701.01404",
    archivePrefix = "arXiv",
    primaryClass = "hep-ph",
    reportNumber = "NIKHEF-2017-001, LTH-1117",
    doi = "10.1007/JHEP02(2017)090",
    journal = "JHEP",
    volume = "02",
    pages = "090",
    year = "2017"
}

@article{Luthe:2017ttg,
    author = "Luthe, Thomas and Maier, Andreas and Marquard, Peter and Schroder, York",
    title = "{The five-loop Beta function for a general gauge group and anomalous dimensions beyond Feynman gauge}",
    eprint = "1709.07718",
    archivePrefix = "arXiv",
    primaryClass = "hep-ph",
    reportNumber = "BI-TP-2017-13, DESY-17-142, IPPP-17-68",
    doi = "10.1007/JHEP10(2017)166",
    journal = "JHEP",
    volume = "10",
    pages = "166",
    year = "2017"
}


@article{Bosch:2004th,
    author = "Bosch, S. W. and Lange, B. O. and Neubert, M. and Paz, Gil",
    title = "{Factorization and shape function effects in inclusive B meson decays}",
    eprint = "hep-ph/0402094",
    archivePrefix = "arXiv",
    reportNumber = "CLNS-04-1858",
    doi = "10.1016/j.nuclphysb.2004.07.041",
    journal = "Nucl. Phys. B",
    volume = "699",
    pages = "335--386",
    year = "2004"
}

@article{Lange:2005yw,
    author = "Lange, Bjorn O. and Neubert, Matthias and Paz, Gil",
    title = "{Theory of charmless inclusive B decays and the extraction of V(ub)}",
    eprint = "hep-ph/0504071",
    archivePrefix = "arXiv",
    reportNumber = "CLNS-05-1911, MIT-CTP-3616",
    doi = "10.1103/PhysRevD.72.073006",
    journal = "Phys. Rev. D",
    volume = "72",
    pages = "073006",
    year = "2005"
}


@article{Becher:2005pd,
    author = "Becher, Thomas and Neubert, Matthias",
    title = "{Toward a NNLO calculation of the anti-B ---\ensuremath{>} X(s) gamma decay rate with a cut on photon energy: I. Two-loop result for the soft function}",
    eprint = "hep-ph/0512208",
    archivePrefix = "arXiv",
    reportNumber = "CLNS-05-1948, FERMILAB-PUB-05-537-T",
    doi = "10.1016/j.physletb.2006.01.006",
    journal = "Phys. Lett. B",
    volume = "633",
    pages = "739--747",
    year = "2006"
}


@article{Becher:2006qw,
    author = "Becher, Thomas and Neubert, Matthias",
    title = "{Toward a NNLO calculation of the anti-B ---\ensuremath{>} X(s) gamma decay rate with a cut on photon energy. II. Two-loop result for the jet function}",
    eprint = "hep-ph/0603140",
    archivePrefix = "arXiv",
    reportNumber = "CLNS-06-1954, FERMILAB-PUB-06-057-T",
    doi = "10.1016/j.physletb.2006.04.046",
    journal = "Phys. Lett. B",
    volume = "637",
    pages = "251--259",
    year = "2006"
}


@article{deFlorian:2013sza,
    author = "de Florian, Daniel and Mahakhud, Maguni and Mathews, Prakash and Mazzitelli, Javier and Ravindran, V.",
    title = "{Quark and gluon spin-2 form factors to two-loops in QCD}",
    eprint = "1312.6528",
    archivePrefix = "arXiv",
    primaryClass = "hep-ph",
    doi = "10.1007/JHEP02(2014)035",
    journal = "JHEP",
    volume = "02",
    pages = "035",
    year = "2014"
}

@article{Moch:2005tm,
    author = "Moch, S. and Vermaseren, J. A. M. and Vogt, A.",
    title = "{Three-loop results for quark and gluon form-factors}",
    eprint = "hep-ph/0508055",
    archivePrefix = "arXiv",
    reportNumber = "DESY-05-138, SFT-CPP-05-34, NIKHEF-05-013, DCPT-05-88, IPPP-05-44",
    doi = "10.1016/j.physletb.2005.08.067",
    journal = "Phys. Lett. B",
    volume = "625",
    pages = "245--252",
    year = "2005"
}

@article{Moch:2005id,
    author = "Moch, S. and Vermaseren, J. A. M. and Vogt, A.",
    title = "{The Quark form-factor at higher orders}",
    eprint = "hep-ph/0507039",
    archivePrefix = "arXiv",
    reportNumber = "SFB-CPP-05-26, DCPT-05-66, IPP-05-33, NIKHEF-05-011, DESY-05-106",
    doi = "10.1088/1126-6708/2005/08/049",
    journal = "JHEP",
    volume = "08",
    pages = "049",
    year = "2005"
}

@article{Baikov:2009bg,
    author = "Baikov, P. A. and Chetyrkin, K. G. and Smirnov, A. V. and Smirnov, V. A. and Steinhauser, M.",
    title = "{Quark and gluon form factors to three loops}",
    eprint = "0902.3519",
    archivePrefix = "arXiv",
    primaryClass = "hep-ph",
    reportNumber = "SFB-CPP-09-19, TTP09-05",
    doi = "10.1103/PhysRevLett.102.212002",
    journal = "Phys. Rev. Lett.",
    volume = "102",
    pages = "212002",
    year = "2009"
}

@article{Gehrmann:2010ue,
    author = "Gehrmann, T. and Glover, E. W. N. and Huber, T. and Ikizlerli, N. and Studerus, C.",
    title = "{Calculation of the quark and gluon form factors to three loops in QCD}",
    eprint = "1004.3653",
    archivePrefix = "arXiv",
    primaryClass = "hep-ph",
    reportNumber = "ZU-TH-07-10, IPPP-10-26, SI-HEP-2010-09, ZU--TH-07-10",
    doi = "10.1007/JHEP06(2010)094",
    journal = "JHEP",
    volume = "06",
    pages = "094",
    year = "2010"
}

@article{Gehrmann:2010tu,
    author = "Gehrmann, T. and Glover, E. W. N. and Huber, T. and Ikizlerli, N. and Studerus, C.",
    title = "{The quark and gluon form factors to three loops in QCD through to O$(\eps^2)$}",
    eprint = "1010.4478",
    archivePrefix = "arXiv",
    primaryClass = "hep-ph",
    reportNumber = "ZU-TH-15-10, IPPP-10-88, SI-HEP-2010-16, BI-TP-2010-38",
    doi = "10.1007/JHEP11(2010)102",
    journal = "JHEP",
    volume = "11",
    pages = "102",
    year = "2010"
}

@article{Gehrmann:2014vha,
    author = "Gehrmann, Thomas and Kara, Dominik",
    title = "{The $Hb\bar{b}$ form factor to three loops in QCD}",
    eprint = "1407.8114",
    archivePrefix = "arXiv",
    primaryClass = "hep-ph",
    reportNumber = "ZU-TH-24-14",
    doi = "10.1007/JHEP09(2014)174",
    journal = "JHEP",
    volume = "09",
    pages = "174",
    year = "2014"
}

@article{Ahmed:2015qia,
    author = "Ahmed, Taushif and Das, Goutam and Mathews, Prakash and Rana, Narayan and Ravindran, V.",
    title = "{Spin-2 Form Factors at Three Loop in QCD}",
    eprint = "1508.05043",
    archivePrefix = "arXiv",
    primaryClass = "hep-ph",
    doi = "10.1007/JHEP12(2015)084",
    journal = "JHEP",
    volume = "12",
    pages = "084",
    year = "2015"
}

@article{Ahmed:2015qpa,
    author = "Ahmed, Taushif and Gehrmann, Thomas and Mathews, Prakash and Rana, Narayan and Ravindran, V.",
    title = "{Pseudo-scalar Form Factors at Three Loops in QCD}",
    eprint = "1510.01715",
    archivePrefix = "arXiv",
    primaryClass = "hep-ph",
    doi = "10.1007/JHEP11(2015)169",
    journal = "JHEP",
    volume = "11",
    pages = "169",
    year = "2015"
}

@article{Ahmed:2016qjf,
    author = "Ahmed, Taushif and Banerjee, Pulak and Dhani, Prasanna K. and Mathews, Prakash and Rana, Narayan and Ravindran, V.",
    title = "{Three loop form factors of a massive spin-2 particle with nonuniversal coupling}",
    eprint = "1612.00024",
    archivePrefix = "arXiv",
    primaryClass = "hep-ph",
    doi = "10.1103/PhysRevD.95.034035",
    journal = "Phys. Rev. D",
    volume = "95",
    number = "3",
    pages = "034035",
    year = "2017"
}

@article{Chakraborty:2022yan,
    author = "Chakraborty, Amlan and Huber, Tobias and Lee, Roman N. and von Manteuffel, Andreas and Schabinger, Robert M. and Smirnov, Alexander V. and Smirnov, Vladimir A. and Steinhauser, Matthias",
    title = "{Hbb vertex at four loops and hard matching coefficients in SCET for various currents}",
    eprint = "2204.02422",
    archivePrefix = "arXiv",
    primaryClass = "hep-ph",
    reportNumber = "MSUHEP-22-014, P3H-22-034, TTP22-020, SI-HEP-2022-06",
    doi = "10.1103/PhysRevD.106.074009",
    journal = "Phys. Rev. D",
    volume = "106",
    number = "7",
    pages = "074009",
    year = "2022"
}

@article{Ablinger:2013cf,
    author = {Ablinger, Jakob and Bl\"umlein, Johannes and Schneider, Carsten},
    title = "{Analytic and Algorithmic Aspects of Generalized Harmonic Sums and Polylogarithms}",
    eprint = "1302.0378",
    archivePrefix = "arXiv",
    primaryClass = "math-ph",
    reportNumber = "DESY-12-210, DO-TH-13-01, SFB-CPP-12-91, LPN-12-125, DESY-12--210, DO--TH-13-01",
    doi = "10.1063/1.4811117",
    journal = "J. Math. Phys.",
    volume = "54",
    pages = "082301",
    year = "2013"
}





@article{Bernreuther:2004ih,
    author = "Bernreuther, W. and Bonciani, R. and Gehrmann, T. and Heinesch, R. and Leineweber, T. and Mastrolia, P. and Remiddi, E.",
    title = "{Two-loop QCD corrections to the heavy quark form-factors: The Vector contributions}",
    eprint = "hep-ph/0406046",
    archivePrefix = "arXiv",
    reportNumber = "PITHA-04-09, FREIBURG-THEP-04-08, ZU-TH-09-04, NSF-KITP-04-59, UCLA-04-TEP-22",
    doi = "10.1016/j.nuclphysb.2004.10.059",
    journal = "Nucl. Phys. B",
    volume = "706",
    pages = "245--324",
    year = "2005"
}

@article{Bernreuther:2004th,
    author = "Bernreuther, W. and Bonciani, R. and Gehrmann, T. and Heinesch, R. and Leineweber, T. and Mastrolia, P. and Remiddi, E.",
    title = "{Two-loop QCD corrections to the heavy quark form-factors: Axial vector contributions}",
    eprint = "hep-ph/0412259",
    archivePrefix = "arXiv",
    reportNumber = "PITHA-04-11, FREIBURG-THEP-04-10, ZU-TH-11-04, UCLA-04-TEP-25",
    doi = "10.1016/j.nuclphysb.2005.01.035",
    journal = "Nucl. Phys. B",
    volume = "712",
    pages = "229--286",
    year = "2005"
}

@article{Bernreuther:2005rw,
    author = "Bernreuther, W. and Bonciani, R. and Gehrmann, T. and Heinesch, R. and Leineweber, T. and Remiddi, E.",
    title = "{Two-loop QCD corrections to the heavy quark form-factors: Anomaly contributions}",
    eprint = "hep-ph/0504190",
    archivePrefix = "arXiv",
    reportNumber = "PITHA-05-04, FREIBURG-THEP-05-03, ZU-TH-05-05",
    doi = "10.1016/j.nuclphysb.2005.06.025",
    journal = "Nucl. Phys. B",
    volume = "723",
    pages = "91--116",
    year = "2005"
}

@article{Bernreuther:2005gw,
    author = "Bernreuther, W. and Bonciani, R. and Gehrmann, T. and Heinesch, R. and Mastrolia, P. and Remiddi, E.",
    title = "{Decays of scalar and pseudoscalar Higgs bosons into fermions: Two-loop QCD corrections to the Higgs-quark-antiquark amplitude}",
    eprint = "hep-ph/0508254",
    archivePrefix = "arXiv",
    reportNumber = "FREIBURG-THEP-05-08, PITHA-05-11, UCLA-05-TEP-24, ZU-THY-15-05",
    doi = "10.1103/PhysRevD.72.096002",
    journal = "Phys. Rev. D",
    volume = "72",
    pages = "096002",
    year = "2005"
}

@article{Gluza:2009yy,
    author = "Gluza, J. and Mitov, A. and Moch, S. and Riemann, T.",
    title = "{The QCD form factor of heavy quarks at NNLO}",
    eprint = "0905.1137",
    archivePrefix = "arXiv",
    primaryClass = "hep-ph",
    reportNumber = "DESY-09-064, HEPTOOLS-09-016, SFB-CPP-09-35, YITP-SB-09-08",
    doi = "10.1088/1126-6708/2009/07/001",
    journal = "JHEP",
    volume = "07",
    pages = "001",
    year = "2009"
}



@article{Gluza:2007rt,
    author = "Gluza, J. and Kajda, K. and Riemann, T.",
    title = "{AMBRE: A Mathematica package for the construction of Mellin-Barnes representations for Feynman integrals}",
    eprint = "0704.2423",
    archivePrefix = "arXiv",
    primaryClass = "hep-ph",
    reportNumber = "DESY-07-037, HEPTOOLS-07-009, SFB-CPP-07-14",
    doi = "10.1016/j.cpc.2007.07.001",
    journal = "Comput. Phys. Commun.",
    volume = "177",
    pages = "879--893",
    year = "2007"
}




@article{Ablinger:2017hst,
    author = {Ablinger, J. and Behring, A. and Bl\"umlein, J. and Falcioni, G. and De Freitas, A. and Marquard, P. and Rana, N. and Schneider, C.},
    title = "{Heavy quark form factors at two loops}",
    eprint = "1712.09889",
    archivePrefix = "arXiv",
    primaryClass = "hep-ph",
    reportNumber = "DESY-17-102, DO-TH-17-16, NIKHEF-2017-063, TTK-17-44",
    doi = "10.1103/PhysRevD.97.094022",
    journal = "Phys. Rev. D",
    volume = "97",
    number = "9",
    pages = "094022",
    year = "2018"
}

@article{Henn:2016tyf,
    author = "Henn, Johannes and Smirnov, Alexander V. and Smirnov, Vladimir A. and Steinhauser, Matthias",
    title = "{Massive three-loop form factor in the planar limit}",
    eprint = "1611.07535",
    archivePrefix = "arXiv",
    primaryClass = "hep-ph",
    reportNumber = "MITP-16-110, TTP16-053",
    doi = "10.1007/JHEP01(2017)074",
    journal = "JHEP",
    volume = "01",
    pages = "074",
    year = "2017"
}

@article{Lee:2018nxa,
    author = "Lee, Roman N. and Smirnov, Alexander V. and Smirnov, Vladimir A. and Steinhauser, Matthias",
    title = "{Three-loop massive form factors: complete light-fermion corrections for the vector current}",
    eprint = "1801.08151",
    archivePrefix = "arXiv",
    primaryClass = "hep-ph",
    reportNumber = "TTP18-006",
    doi = "10.1007/JHEP03(2018)136",
    journal = "JHEP",
    volume = "03",
    pages = "136",
    year = "2018"
}

@article{Ablinger:2018yae,
    author = {Ablinger, J. and Bl\"umlein, J. and Marquard, P. and Rana, N. and Schneider, C.},
    title = "{Heavy quark form factors at three loops in the planar limit}",
    eprint = "1804.07313",
    archivePrefix = "arXiv",
    primaryClass = "hep-ph",
    reportNumber = "DO-TH-18-08, DESY-18-052",
    doi = "10.1016/j.physletb.2018.05.077",
    journal = "Phys. Lett. B",
    volume = "782",
    pages = "528--532",
    year = "2018"
}

@article{Lee:2018rgs,
    author = "Lee, Roman N. and Smirnov, Alexander V. and Smirnov, Vladimir A. and Steinhauser, Matthias",
    title = "{Three-loop massive form factors: complete light-fermion and large-N$_{c}$ corrections for vector, axial-vector, scalar and pseudo-scalar currents}",
    eprint = "1804.07310",
    archivePrefix = "arXiv",
    primaryClass = "hep-ph",
    reportNumber = "TTP18-015",
    doi = "10.1007/JHEP05(2018)187",
    journal = "JHEP",
    volume = "05",
    pages = "187",
    year = "2018"
}

@article{Ablinger:2018zwz,
    author = {Ablinger, J. and Bl\"umlein, J. and Marquard, P. and Rana, N. and Schneider, C.},
    title = "{Automated Solution of First Order Factorizable Systems of Differential Equations in One Variable}",
    eprint = "1810.12261",
    archivePrefix = "arXiv",
    primaryClass = "hep-ph",
    reportNumber = "DESY 18--053, DO--TH 18/09, TIF-UNIMI-2018-8, DESY-18-053",
    doi = "10.1016/j.nuclphysb.2018.12.010",
    journal = "Nucl. Phys. B",
    volume = "939",
    pages = "253--291",
    year = "2019"
}

@article{Blumlein:2019oas,
    author = {Bl\"umlein, J. and Marquard, P. and Rana, N. and Schneider, C.},
    title = "{The Heavy Fermion Contributions to the Massive Three Loop Form Factors}",
    eprint = "1908.00357",
    archivePrefix = "arXiv",
    primaryClass = "hep-ph",
    reportNumber = "DESY-19-095, DO-TH 19/08, DESY 19--095, DO--TH 19/08, SAGEX-19-10, TIF-UNIMI-2019-13",
    doi = "10.1016/j.nuclphysb.2019.114751",
    journal = "Nucl. Phys. B",
    volume = "949",
    pages = "114751",
    year = "2019"
}

@article{Blumlein:2018tmz,
    author = {Bl\"umlein, J. and Marquard, P. and Rana, N.},
    title = "{Asymptotic behavior of the heavy quark form factors at higher order}",
    eprint = "1810.08943",
    archivePrefix = "arXiv",
    primaryClass = "hep-ph",
    reportNumber = "DESY-18-163, DO-TH-18/24, DESY 18--163, DO--TH 18/24, TIF-UNIMI-2018-7",
    doi = "10.1103/PhysRevD.99.016013",
    journal = "Phys. Rev. D",
    volume = "99",
    number = "1",
    pages = "016013",
    year = "2019"
}

@article{Ahmed:2017gyt,
    author = "Ahmed, Taushif and Henn, Johannes M. and Steinhauser, Matthias",
    title = "{High energy behaviour of form factors}",
    eprint = "1704.07846",
    archivePrefix = "arXiv",
    primaryClass = "hep-ph",
    reportNumber = "MITP-17-008, TTP17-023",
    doi = "10.1007/JHEP06(2017)125",
    journal = "JHEP",
    volume = "06",
    pages = "125",
    year = "2017"
}




@article{Fael:2022rgm,
    author = {Fael, Matteo and Lange, Fabian and Sch\"onwald, Kay and Steinhauser, Matthias},
    title = "{Massive Vector Form Factors to Three Loops}",
    eprint = "2202.05276",
    archivePrefix = "arXiv",
    primaryClass = "hep-ph",
    reportNumber = "TTP22-009, P3H-22-016",
    doi = "10.1103/PhysRevLett.128.172003",
    journal = "Phys. Rev. Lett.",
    volume = "128",
    number = "17",
    pages = "172003",
    year = "2022"
}

@article{Fael:2022miw,
    author = {Fael, Matteo and Lange, Fabian and Sch\"onwald, Kay and Steinhauser, Matthias},
    title = "{Singlet and nonsinglet three-loop massive form factors}",
    eprint = "2207.00027",
    archivePrefix = "arXiv",
    primaryClass = "hep-ph",
    reportNumber = "TTP22-042, P3H-22-066",
    doi = "10.1103/PhysRevD.106.034029",
    journal = "Phys. Rev. D",
    volume = "106",
    number = "3",
    pages = "034029",
    year = "2022"
}

@article{Fael:2023zqr,
    author = {Fael, Matteo and Lange, Fabian and Sch\"onwald, Kay and Steinhauser, Matthias},
    title = "{Massive three-loop form factors: Anomaly contribution}",
    eprint = "2302.00693",
    archivePrefix = "arXiv",
    primaryClass = "hep-ph",
    reportNumber = "CERN-TH-2023-012, P3H-23-006, TTP23-002, ZU-TH 05/23",
    doi = "10.1103/PhysRevD.107.094017",
    journal = "Phys. Rev. D",
    volume = "107",
    number = "9",
    pages = "094017",
    year = "2023"
}


@article{Blumlein:2023uuq,
    author = {Bl\"umlein, Johannes and De Freitas, Abilio and Marquard, Peter and Rana, Narayan and Schneider, Carsten},
    title = "{Analytic results on the massive three-loop form factors: quarkonic contributions}",
    eprint = "2307.02983",
    archivePrefix = "arXiv",
    primaryClass = "hep-ph",
    reportNumber = "DESY 23--012, DO--TH 23/02, RISC Report Series 23-08",
    month = "7",
    year = "2023"
}

@article{tHooft:1973mfk,
    author = "'t Hooft, Gerard",
    title = "{Dimensional regularization and the renormalization group}",
    doi = "10.1016/0550-3213(73)90376-3",
    journal = "Nucl. Phys. B",
    volume = "61",
    pages = "455--468",
    year = "1973"
}

@article{Bardeen:1978yd,
    author = "Bardeen, William A. and Buras, A. J. and Duke, D. W. and Muta, T.",
    title = "{Deep Inelastic Scattering Beyond the Leading Order in Asymptotically Free Gauge Theories}",
    reportNumber = "FERMILAB-PUB-78-042-T",
    doi = "10.1103/PhysRevD.18.3998",
    journal = "Phys. Rev. D",
    volume = "18",
    pages = "3998",
    year = "1978"
}

@article{vanRitbergen:1998pn,
    author = "van Ritbergen, T. and Schellekens, A. N. and Vermaseren, J. A. M.",
    title = "{Group theory factors for Feynman diagrams}",
    eprint = "hep-ph/9802376",
    archivePrefix = "arXiv",
    reportNumber = "UM-TH-98-01, NIKHEF-98-004",
    doi = "10.1142/S0217751X99000038",
    journal = "Int. J. Mod. Phys. A",
    volume = "14",
    pages = "41--96",
    year = "1999"
}

@article{Ananthanarayan:2020fhl,
    author = "Ananthanarayan, B. and Banik, Sumit and Friot, Samuel and Ghosh, Shayan",
    title = "{Multiple Series Representations of N-fold Mellin-Barnes Integrals}",
    eprint = "2012.15108",
    archivePrefix = "arXiv",
    primaryClass = "hep-th",
    doi = "10.1103/PhysRevLett.127.151601",
    journal = "Phys. Rev. Lett.",
    volume = "127",
    number = "15",
    pages = "151601",
    year = "2021"
}



@article{Banik:2022bmk,
    author = "Banik, Sumit and Friot, Samuel",
    title = "{Multiple Mellin-Barnes integrals with straight contours}",
    eprint = "2212.11839",
    archivePrefix = "arXiv",
    primaryClass = "hep-ph",
    doi = "10.1103/PhysRevD.107.016007",
    journal = "Phys. Rev. D",
    volume = "107",
    number = "1",
    pages = "016007",
    year = "2023"
}

@article{pslq:92,
author = {Ferguson, Helaman and Bailey, David},
year = {1992},
month = {01},
pages = {},
title = {A Polynomial Time, Numerically Stable Integer Relation Algorithm}
}

@article{Blumlein:2009cf,
    author = "Blumlein, J. and Broadhurst, D. J. and Vermaseren, J. A. M.",
    title = "{The Multiple Zeta Value Data Mine}",
    eprint = "0907.2557",
    archivePrefix = "arXiv",
    primaryClass = "math-ph",
    reportNumber = "DESY-09-003, SFB-CPP-09-65",
    doi = "10.1016/j.cpc.2009.11.007",
    journal = "Comput. Phys. Commun.",
    volume = "181",
    pages = "582--625",
    year = "2010"
}




@article{Huber:2005yg,
    author = "Huber, T. and Maitre, Daniel",
    title = "{HypExp: A Mathematica package for expanding hypergeometric functions around integer-valued parameters}",
    eprint = "hep-ph/0507094",
    archivePrefix = "arXiv",
    reportNumber = "ZU-TH-13-05",
    doi = "10.1016/j.cpc.2006.01.007",
    journal = "Comput. Phys. Commun.",
    volume = "175",
    pages = "122--144",
    year = "2006"
}



@article{Huber:2007dx,
    author = "Huber, Tobias and Maitre, Daniel",
    title = "{HypExp 2, Expanding Hypergeometric Functions about Half-Integer Parameters}",
    eprint = "0708.2443",
    archivePrefix = "arXiv",
    primaryClass = "hep-ph",
    reportNumber = "SLAC-PUB-12748, PITHA-07-06",
    doi = "10.1016/j.cpc.2007.12.008",
    journal = "Comput. Phys. Commun.",
    volume = "178",
    pages = "755--776",
    year = "2008"
}








@article{Kreimer:1989ke,
    author = "Kreimer, Dirk",
    title = "{The $\gamma$(5) Problem and Anomalies: A Clifford Algebra Approach}",
    reportNumber = "MZ-TH/89-21",
    doi = "10.1016/0370-2693(90)90461-E",
    journal = "Phys. Lett. B",
    volume = "237",
    pages = "59--62",
    year = "1990"
}

@article{Korner:1991sx,
    author = "Korner, J. G. and Kreimer, D. and Schilcher, K.",
    title = "{A Practicable gamma(5) scheme in dimensional regularization}",
    reportNumber = "DESY-91-090, MZ-TH-91-23",
    doi = "10.1007/BF01559471",
    journal = "Z. Phys. C",
    volume = "54",
    pages = "503--512",
    year = "1992"
}





@article{Chetyrkin:1999ju,
    author = "Chetyrkin, K. G. and Harlander, R. and Seidensticker, T. and Steinhauser, M.",
    title = "{Second order QCD corrections to Gamma(t ---\ensuremath{>} W b)}",
    eprint = "hep-ph/9906273",
    archivePrefix = "arXiv",
    reportNumber = "BUTP-99-10, TTP-99-25, TTP99-25",
    doi = "10.1103/PhysRevD.60.114015",
    journal = "Phys. Rev. D",
    volume = "60",
    pages = "114015",
    year = "1999"
}


@article{Blokland:2004ye,
    author = "Blokland, Ian Richard and Czarnecki, Andrzej and Slusarczyk, Maciej and Tkachov, Fyodor",
    title = "{Heavy to light decays with a two loop accuracy}",
    eprint = "hep-ph/0403221",
    archivePrefix = "arXiv",
    reportNumber = "ALBERTA-THY-04-04",
    doi = "10.1103/PhysRevLett.93.062001",
    journal = "Phys. Rev. Lett.",
    volume = "93",
    pages = "062001",
    year = "2004"
}


@article{Czarnecki:2005vr,
    author = "Czarnecki, Andrzej and Slusarczyk, Maciej and Tkachov, Fyodor V.",
    title = "{Enhancement of the hadronic b quark decays}",
    eprint = "hep-ph/0511004",
    archivePrefix = "arXiv",
    reportNumber = "ALBERTA-THY-16-05",
    doi = "10.1103/PhysRevLett.96.171803",
    journal = "Phys. Rev. Lett.",
    volume = "96",
    pages = "171803",
    year = "2006"
}


@article{Bonciani:2008wf,
    author = "Bonciani, R. and Ferroglia, A.",
    title = "{Two-Loop QCD Corrections to the Heavy-to-Light Quark Decay}",
    eprint = "0809.4687",
    archivePrefix = "arXiv",
    primaryClass = "hep-ph",
    reportNumber = "ZU-TH-16-08",
    doi = "10.1088/1126-6708/2008/11/065",
    journal = "JHEP",
    volume = "11",
    pages = "065",
    year = "2008"
}


@article{Asatrian:2008uk,
    author = "Asatrian, H. M. and Greub, C. and Pecjak, B. D.",
    title = "{NNLO corrections to anti-B ---\ensuremath{>} X(u) l anti-nu in the shape-function region}",
    eprint = "0810.0987",
    archivePrefix = "arXiv",
    primaryClass = "hep-ph",
    reportNumber = "DESY-08-145",
    doi = "10.1103/PhysRevD.78.114028",
    journal = "Phys. Rev. D",
    volume = "78",
    pages = "114028",
    year = "2008"
}


@article{Beneke:2008ei,
    author = "Beneke, M. and Huber, T. and Li, X. -Q.",
    title = "{Two-loop QCD correction to differential semi-leptonic b ---\ensuremath{>} u decays in the shape-function region}",
    eprint = "0810.1230",
    archivePrefix = "arXiv",
    primaryClass = "hep-ph",
    reportNumber = "PITHA-08-25, SFB-CPP-08-80",
    doi = "10.1016/j.nuclphysb.2008.11.019",
    journal = "Nucl. Phys. B",
    volume = "811",
    pages = "77--97",
    year = "2009"
}


@article{Bell:2008ws,
    author = "Bell, Guido",
    title = "{NNLO corrections to inclusive semileptonic B decays in the shape-function region}",
    eprint = "0810.5695",
    archivePrefix = "arXiv",
    primaryClass = "hep-ph",
    reportNumber = "TTP08-49, SFB-CPP-08-90",
    doi = "10.1016/j.nuclphysb.2008.12.018",
    journal = "Nucl. Phys. B",
    volume = "812",
    pages = "264--289",
    year = "2009"
}


@article{Gao:2012ja,
    author = "Gao, Jun and Li, Chong Sheng and Zhu, Hua Xing",
    title = "{Top Quark Decay at Next-to-Next-to Leading Order in QCD}",
    eprint = "1210.2808",
    archivePrefix = "arXiv",
    primaryClass = "hep-ph",
    reportNumber = "SLAC-PUB-15260",
    doi = "10.1103/PhysRevLett.110.042001",
    journal = "Phys. Rev. Lett.",
    volume = "110",
    number = "4",
    pages = "042001",
    year = "2013"
}


@article{Brucherseifer:2013iv,
    author = "Brucherseifer, Mathias and Caola, Fabrizio and Melnikov, Kirill",
    title = "{$\mathcal O(\alpha_s^2)$ corrections to fully-differential top quark decays}",
    eprint = "1301.7133",
    archivePrefix = "arXiv",
    primaryClass = "hep-ph",
    reportNumber = "TTP13-005, SFB-CPP-13-07",
    doi = "10.1007/JHEP04(2013)059",
    journal = "JHEP",
    volume = "04",
    pages = "059",
    year = "2013"
}


@article{Huber:2009se,
    author = "Huber, T.",
    title = "{On a two-loop crossed six-line master integral with two massive lines}",
    eprint = "0901.2133",
    archivePrefix = "arXiv",
    primaryClass = "hep-ph",
    reportNumber = "PITHA-09-01, SFB-CPP-09-04",
    doi = "10.1088/1126-6708/2009/03/024",
    journal = "JHEP",
    volume = "03",
    pages = "024",
    year = "2009"
}


@phdthesis{Bell:2006tz,
    author = "Bell, Guido",
    title = "{Higher order QCD corrections in exclusive charmless B decays}",
    eprint = "0705.3133",
    archivePrefix = "arXiv",
    primaryClass = "hep-ph",
    school = "Munich U.",
    year = "2006"
}

@article{Hahn:2000kx,
    author = "Hahn, Thomas",
    title = "{Generating Feynman diagrams and amplitudes with FeynArts 3}",
    eprint = "hep-ph/0012260",
    archivePrefix = "arXiv",
    reportNumber = "KA-TP-23-2000",
    doi = "10.1016/S0010-4655(01)00290-9",
    journal = "Comput. Phys. Commun.",
    volume = "140",
    pages = "418--431",
    year = "2001"
}

@article{Shtabovenko:2020gxv,
    author = "Shtabovenko, Vladyslav and Mertig, Rolf and Orellana, Frederik",
    title = "{FeynCalc 9.3: New features and improvements}",
    eprint = "2001.04407",
    archivePrefix = "arXiv",
    primaryClass = "hep-ph",
    reportNumber = "P3H-20-002, TTP19-020, TUM-EFT 130/19",
    doi = "10.1016/j.cpc.2020.107478",
    journal = "Comput. Phys. Commun.",
    volume = "256",
    pages = "107478",
    year = "2020"
}

@article{Remiddi:1997ny,
    author = "Remiddi, Ettore",
    title = "{Differential equations for Feynman graph amplitudes}",
    eprint = "hep-th/9711188",
    archivePrefix = "arXiv",
    reportNumber = "DFUB-97-15, DFUB 97-15",
    doi = "10.1007/BF03185566",
    journal = "Nuovo Cim. A",
    volume = "110",
    pages = "1435--1452",
    year = "1997"
}


@article{Henn:2013pwa,
    author = "Henn, Johannes M.",
    title = "{Multiloop integrals in dimensional regularization made simple}",
    eprint = "1304.1806",
    archivePrefix = "arXiv",
    primaryClass = "hep-th",
    doi = "10.1103/PhysRevLett.110.251601",
    journal = "Phys. Rev. Lett.",
    volume = "110",
    pages = "251601",
    year = "2013"
}


@article{Ablinger:2015tua,
    author = {Ablinger, J. and Behring, A. and Bl\"umlein, J. and De Freitas, A. and von Manteuffel, A. and Schneider, C.},
    title = "{Calculating Three Loop Ladder and V-Topologies for Massive Operator Matrix Elements by Computer Algebra}",
    eprint = "1509.08324",
    archivePrefix = "arXiv",
    primaryClass = "hep-ph",
    reportNumber = "DESY-15-049, DO-TH-15-06, MITP-15-080, DESY-15--049, DO--TH-15-06",
    doi = "10.1016/j.cpc.2016.01.002",
    journal = "Comput. Phys. Commun.",
    volume = "202",
    pages = "33--112",
    year = "2016"
}


@article{Chetyrkin:1981qh,
    author = "Chetyrkin, K. G. and Tkachov, F. V.",
    title = "{Integration by Parts: The Algorithm to Calculate beta Functions in 4 Loops}",
    doi = "10.1016/0550-3213(81)90199-1",
    journal = "Nucl. Phys. B",
    volume = "192",
    pages = "159--204",
    year = "1981"
}


@article{Laporta:2001dd,
    author = "Laporta, S.",
    title = "{High precision calculation of multiloop Feynman integrals by difference equations}",
    eprint = "hep-ph/0102033",
    archivePrefix = "arXiv",
    doi = "10.1142/S0217751X00002159",
    journal = "Int. J. Mod. Phys. A",
    volume = "15",
    pages = "5087--5159",
    year = "2000"
}

@article{Ablinger:2011te,
    author = "Ablinger, Jakob and Blumlein, Johannes and Schneider, Carsten",
    title = "{Harmonic Sums and Polylogarithms Generated by Cyclotomic Polynomials}",
    eprint = "1105.6063",
    archivePrefix = "arXiv",
    primaryClass = "math-ph",
    reportNumber = "DESY-11-033, DO-TH-11-12, SFB-CPP-11-24, LPN-11-24, DESY-11--033, DO--TH-11--12",
    doi = "10.1063/1.3629472",
    journal = "J. Math. Phys.",
    volume = "52",
    pages = "102301",
    year = "2011"
}

@mastersthesis{Ablinger:2010kw,
    author = "Ablinger, Jakob",
    title = "{A Computer Algebra Toolbox for Harmonic Sums Related to Particle Physics}",
    eprint = "1011.1176",
    archivePrefix = "arXiv",
    primaryClass = "math-ph",
    school = "Linz U.",
    year = "2009"
}

@article{Duhr:2019tlz,
    author = "Duhr, Claude and Dulat, Falko",
    title = "{PolyLogTools \textemdash{} polylogs for the masses}",
    eprint = "1904.07279",
    archivePrefix = "arXiv",
    primaryClass = "hep-th",
    reportNumber = "CP3-19-17, CERN-TH-2019-045, SLAC-PUB-17423",
    doi = "10.1007/JHEP08(2019)135",
    journal = "JHEP",
    volume = "08",
    pages = "135",
    year = "2019"
}





@article{Tentyukov:2007mu,
    author = "Tentyukov, M. and Vermaseren, J. A. M.",
    title = "{The Multithreaded version of FORM}",
    eprint = "hep-ph/0702279",
    archivePrefix = "arXiv",
    reportNumber = "NIKHEF-07-005, SFB-CPP-07-08, TTP07-06",
    doi = "10.1016/j.cpc.2010.04.009",
    journal = "Comput. Phys. Commun.",
    volume = "181",
    pages = "1419--1427",
    year = "2010"
}

@article{Vermaseren:2000nd,
    author = "Vermaseren, J. A. M.",
    title = "{New features of FORM}",
    eprint = "math-ph/0010025",
    archivePrefix = "arXiv",
    month = "10",
    year = "2000"
}

@article{Remiddi:1999ew,
    author = "Remiddi, E. and Vermaseren, J. A. M.",
    title = "{Harmonic polylogarithms}",
    eprint = "hep-ph/9905237",
    archivePrefix = "arXiv",
    reportNumber = "NIKHEF-99-005, TTP-99-08",
    doi = "10.1142/S0217751X00000367",
    journal = "Int. J. Mod. Phys. A",
    volume = "15",
    pages = "725--754",
    year = "2000"
}

@article{Klappert:2020nbg,
    author = {Klappert, Jonas and Lange, Fabian and Maierh\"ofer, Philipp and Usovitsch, Johann},
    title = "{Integral reduction with Kira 2.0 and finite field methods}",
    eprint = "2008.06494",
    archivePrefix = "arXiv",
    primaryClass = "hep-ph",
    reportNumber = "TTK-20-24, P3H-20-041, FR-PHENO-2020-11, MITP/20-044",
    doi = "10.1016/j.cpc.2021.108024",
    journal = "Comput. Phys. Commun.",
    volume = "266",
    pages = "108024",
    year = "2021"
}

@article{Lee:2013mka,
    author = "Lee, Roman N.",
    editor = "Wang, Jianxiong",
    title = "{LiteRed 1.4: a powerful tool for reduction of multiloop integrals}",
    eprint = "1310.1145",
    archivePrefix = "arXiv",
    primaryClass = "hep-ph",
    doi = "10.1088/1742-6596/523/1/012059",
    journal = "J. Phys. Conf. Ser.",
    volume = "523",
    pages = "012059",
    year = "2014"
}

@article{Smirnov:2021rhf,
    author = "Smirnov, A. V. and Shapurov, N. D. and Vysotsky, L. I.",
    title = "{FIESTA5: Numerical high-performance Feynman integral evaluation}",
    eprint = "2110.11660",
    archivePrefix = "arXiv",
    primaryClass = "hep-ph",
    doi = "10.1016/j.cpc.2022.108386",
    journal = "Comput. Phys. Commun.",
    volume = "277",
    pages = "108386",
    year = "2022"
}

@article{Smirnov:2008py,
    author = "Smirnov, A. V. and Tentyukov, M. N.",
    title = "{Feynman Integral Evaluation by a Sector decomposiTion Approach (FIESTA)}",
    eprint = "0807.4129",
    archivePrefix = "arXiv",
    primaryClass = "hep-ph",
    reportNumber = "TTP08-32, SFB-CPP-08-53",
    doi = "10.1016/j.cpc.2008.11.006",
    journal = "Comput. Phys. Commun.",
    volume = "180",
    pages = "735--746",
    year = "2009"
}


@article{Ablinger:2014rba,
    author = "Ablinger, Jakob",
    editor = "Mende, Martina",
    title = "{The package HarmonicSums: Computer Algebra and Analytic aspects of Nested Sums}",
    eprint = "1407.6180",
    archivePrefix = "arXiv",
    primaryClass = "cs.SC",
    doi = "10.22323/1.211.0019",
    journal = "PoS",
    volume = "LL2014",
    pages = "019",
    year = "2014"
}



@article{Chen:2018dpt,
    author = "Chen, Long-Bin",
    title = "{Two-Loop master integrals for heavy-to-light form factors of two different massive fermions}",
    eprint = "1801.01033",
    archivePrefix = "arXiv",
    primaryClass = "hep-ph",
    doi = "10.1007/JHEP02(2018)066",
    journal = "JHEP",
    volume = "02",
    pages = "066",
    year = "2018"
}
@article{Chen:2018fwb,
    author = "Chen, Long-Bin and Wang, Jian",
    title = "{Three-loop planar master integrals for heavy-to-light form factors}",
    eprint = "1810.04328",
    archivePrefix = "arXiv",
    primaryClass = "hep-ph",
    reportNumber = "TUM-HEP-1157/18",
    doi = "10.1016/j.physletb.2018.10.035",
    journal = "Phys. Lett. B",
    volume = "786",
    pages = "453--461",
    year = "2018"
}


@article{Kotikov:1990kg,
    author = "Kotikov, A. V.",
    title = "{Differential equations method: New technique for massive Feynman diagrams calculation}",
    reportNumber = "ITF-90-31E",
    doi = "10.1016/0370-2693(91)90413-K",
    journal = "Phys. Lett. B",
    volume = "254",
    pages = "158--164",
    year = "1991"
}




@article{Argeri:2007up,
    author = "Argeri, Mario and Mastrolia, Pierpaolo",
    title = "{Feynman Diagrams and Differential Equations}",
    eprint = "0707.4037",
    archivePrefix = "arXiv",
    primaryClass = "hep-ph",
    reportNumber = "ZU-TH-19-07",
    doi = "10.1142/S0217751X07037147",
    journal = "Int. J. Mod. Phys. A",
    volume = "22",
    pages = "4375--4436",
    year = "2007"
}











@article{Nogueira:1991ex,
    author = "Nogueira, Paulo",
    title = "{Automatic Feynman graph generation}",
    reportNumber = "IFM-7-91",
    doi = "10.1006/jcph.1993.1074",
    journal = "J. Comput. Phys.",
    volume = "105",
    pages = "279--289",
    year = "1993"
}















@article{Henn:2016kjz,
    author = "Henn, Johannes M. and Smirnov, Alexander V. and Smirnov, Vladimir A.",
    title = "{Analytic results for planar three-loop integrals for massive form factors}",
    eprint = "1611.06523",
    archivePrefix = "arXiv",
    primaryClass = "hep-ph",
    reportNumber = "NSF-KITP-16-069, MITP-16-046, TTP16-052",
    doi = "10.1007/JHEP12(2016)144",
    journal = "JHEP",
    volume = "12",
    pages = "144",
    year = "2016"
}





@article{Liu:2017jxz,
    author = "Liu, Xiao and Ma, Yan-Qing and Wang, Chen-Yu",
    title = "{A Systematic and Efficient Method to Compute Multi-loop Master Integrals}",
    eprint = "1711.09572",
    archivePrefix = "arXiv",
    primaryClass = "hep-ph",
    doi = "10.1016/j.physletb.2018.02.026",
    journal = "Phys. Lett. B",
    volume = "779",
    pages = "353--357",
    year = "2018"
}



@article{Liu:2021wks,
    author = "Liu, Xiao and Ma, Yan-Qing",
    title = "{Multiloop corrections for collider processes using auxiliary mass flow}",
    eprint = "2107.01864",
    archivePrefix = "arXiv",
    primaryClass = "hep-ph",
    doi = "10.1103/PhysRevD.105.L051503",
    journal = "Phys. Rev. D",
    volume = "105",
    number = "5",
    pages = "L051503",
    year = "2022"
}



@article{Liu:2022chg,
    author = "Liu, Xiao and Ma, Yan-Qing",
    title = "{AMFlow: A Mathematica package for Feynman integrals computation via auxiliary mass flow}",
    eprint = "2201.11669",
    archivePrefix = "arXiv",
    primaryClass = "hep-ph",
    doi = "10.1016/j.cpc.2022.108565",
    journal = "Comput. Phys. Commun.",
    volume = "283",
    pages = "108565",
    year = "2023"
}




