@article{deFlorian:1997zj,
    author = "de Florian, D. and Stratmann, M. and Vogelsang, W.",
    title = "{QCD analysis of unpolarized and polarized Lambda baryon production in leading and next-to-leading order}",
    eprint = "hep-ph/9711387",
    archivePrefix = "arXiv",
    reportNumber = "CERN-TH-97-286, DTP-97-106",
    doi = "10.1103/PhysRevD.57.5811",
    journal = "Phys. Rev. D",
    volume = "57",
    pages = "5811--5824",
    year = "1998"
}

@article{Ball:2009qv,
    author = "Ball, Richard D. and Del Debbio, Luigi and Forte, Stefano and Guffanti, Alberto and Latorre, Jose I. and Rojo, Juan and Ubiali, Maria",
    collaboration = "NNPDF",
    title = "{Fitting Parton Distribution Data with Multiplicative Normalization Uncertainties}",
    eprint = "0912.2276",
    archivePrefix = "arXiv",
    primaryClass = "hep-ph",
    reportNumber = "EDINBURGH-2009-22, IFUM-950-FT, FREIBURG-PHENO-09-09, CP3-09-51",
    doi = "10.1007/JHEP05(2010)075",
    journal = "JHEP",
    volume = "05",
    pages = "075",
    year = "2010"
}

@article{DAgostini:1993arp,
    author = "D'Agostini, G.",
    title = "{On the use of the covariance matrix to fit correlated data}",
    reportNumber = "DESY-93-175",
    doi = "10.1016/0168-9002(94)90719-6",
    journal = "Nucl. Instrum. Meth. A",
    volume = "346",
    pages = "306--311",
    year = "1994"
}

@article{Ball:2012wy,
    author = "Ball, Richard D. and others",
    title = "{Parton Distribution Benchmarking with LHC Data}",
    eprint = "1211.5142",
    archivePrefix = "arXiv",
    primaryClass = "hep-ph",
    reportNumber = "CERN-PH-TH-2012-263",
    doi = "10.1007/JHEP04(2013)125",
    journal = "JHEP",
    volume = "04",
    pages = "125",
    year = "2013"
}

@article{Boughezal:2017nla,
    author = "Boughezal, Radja and Guffanti, Alberto and Petriello, Frank and Ubiali, Maria",
    title = "{The impact of the LHC Z-boson transverse momentum data on PDF determinations}",
    eprint = "1705.00343",
    archivePrefix = "arXiv",
    primaryClass = "hep-ph",
    reportNumber = "CAVENDISH-HEP-17-05",
    doi = "10.1007/JHEP07(2017)130",
    journal = "JHEP",
    volume = "07",
    pages = "130",
    year = "2017"
}

@article{Ball:2008by,
    author = "Ball, Richard D. and Del Debbio, Luigi and Forte, Stefano and Guffanti, Alberto and Latorre, Jose I. and Piccione, Andrea and Rojo, Juan and Ubiali, Maria",
    collaboration = "NNPDF",
    title = "{A Determination of parton distributions with faithful uncertainty estimation}",
    eprint = "0808.1231",
    archivePrefix = "arXiv",
    primaryClass = "hep-ph",
    reportNumber = "EDINBURGH-2008-25, IFUM-923-FT, FREIBURG-2008-08",
    doi = "10.1016/j.nuclphysb.2008.09.037",
    journal = "Nucl. Phys. B",
    volume = "809",
    pages = "1--63",
    year = "2009",
    note = "[Erratum: Nucl.Phys.B 816, 293 (2009)]"
}

@article{Ball:2014uwa,
    author = "Ball, Richard D. and others",
    collaboration = "NNPDF",
    title = "{Parton distributions for the LHC Run II}",
    eprint = "1410.8849",
    archivePrefix = "arXiv",
    primaryClass = "hep-ph",
    reportNumber = "EDINBURGH-2014-15, IFUM-1034-FT, CERN-PH-TH-2013-253, OUTP-14-11P, CAVENDISH-HEP-14-11",
    doi = "10.1007/JHEP04(2015)040",
    journal = "JHEP",
    volume = "04",
    pages = "040",
    year = "2015"
}

@article{wiki:xxx,
    author = "Wikipedia contributors",
    title = "{Chi-square distribution --- {Wikipedia}{,} The Free Encyclopedia}",
    year = "2020",
    url = "url{https://en.wikipedia.org/w/index.php?title=Chi-square_distribution&oldid=979585636}"
}

@article{Alekhin:2003ev,
    author = "Alekhin, Sergey I. and Blumlein, Johannes",
    title = "{Mellin representation for the heavy flavor contributions to deep inelastic structure functions}",
    eprint = "hep-ph/0404034",
    archivePrefix = "arXiv",
    reportNumber = "DESY-03-204, SFB-CPP-04-02",
    doi = "10.1016/j.physletb.2004.05.042",
    journal = "Phys. Lett. B",
    volume = "594",
    pages = "299--307",
    year = "2004"
}

@article{Laenen:1992xs,
    author = "Laenen, Eric and Riemersma, S. and Smith, J. and van Neerven, W.L.",
    title = "{O(alpha-s) corrections to heavy flavor inclusive distributions in electroproduction}",
    reportNumber = "FERMILAB-PUB-92-271-T, ITP-SB-92-41",
    doi = "10.1016/0550-3213(93)90202-Z",
    journal = "Nucl. Phys. B",
    volume = "392",
    pages = "229--250",
    year = "1993"
}

@article{Forte:2010ta,
    author = "Forte, Stefano and Laenen, Eric and Nason, Paolo and Rojo, Juan",
    title = "{Heavy quarks in deep-inelastic scattering}",
    eprint = "1001.2312",
    archivePrefix = "arXiv",
    primaryClass = "hep-ph",
    reportNumber = "IFUM-949-FT, NIKHEF-2010-001, ITP-UU-10-03, ITFA-2010-01",
    doi = "10.1016/j.nuclphysb.2010.03.014",
    journal = "Nucl. Phys. B",
    volume = "834",
    pages = "116--162",
    year = "2010"
}

@article{Buza:1995ie,
    author = "Buza, M. and Matiounine, Y. and Smith, J. and Migneron, R. and van Neerven, W.L.",
    title = "{Heavy quark coefficient functions at asymptotic values Q**2 \ensuremath{>}\ensuremath{>} m**2}",
    eprint = "hep-ph/9601302",
    archivePrefix = "arXiv",
    reportNumber = "NIKHEF-95-070, ITP-SB-95-59, INLO-PUB-22-95",
    doi = "10.1016/0550-3213(96)00228-3",
    journal = "Nucl. Phys. B",
    volume = "472",
    pages = "611--658",
    year = "1996"
}

@article{Gluck:1996ve,
    author = "Gluck, M. and Kretzer, S. and Reya, E.",
    title = "{The Strange sea density and charm production in deep inelastic charged current processes}",
    eprint = "hep-ph/9603304",
    archivePrefix = "arXiv",
    reportNumber = "DO-TH-96-06",
    doi = "10.1016/0370-2693(96)00456-X",
    journal = "Phys. Lett. B",
    volume = "380",
    pages = "171--176",
    year = "1996",
    note = "[Erratum: Phys.Lett.B 405, 391 (1997)]"
}

@article{Georgi:1976ve,
    author = "Georgi, Howard and Politzer, H.David",
    title = "{Freedom at Moderate Energies: Masses in Color Dynamics}",
    reportNumber = "Print-76-0479 (HARVARD)",
    doi = "10.1103/PhysRevD.14.1829",
    journal = "Phys. Rev. D",
    volume = "14",
    pages = "1829",
    year = "1976"
}

@article{Bertone:2015cwa,
    author = "Bertone, Valerio and Carrazza, Stefano and Nocera, Emanuele R.",
    title = "{Reference results for time-like evolution up to $ \mathcal{O}\left({\alpha}_s^3\right) $}",
    eprint = "1501.00494",
    archivePrefix = "arXiv",
    primaryClass = "hep-ph",
    doi = "10.1007/JHEP03(2015)046",
    journal = "JHEP",
    volume = "03",
    pages = "046",
    year = "2015"
}

@article{Mitov:2006wy,
    author = "Mitov, Alexander and Moch, Sven-Olaf",
    title = "{QCD Corrections to Semi-Inclusive Hadron Production in Electron-Positron Annihilation at Two Loops}",
    eprint = "hep-ph/0604160",
    archivePrefix = "arXiv",
    reportNumber = "DESY-06-043",
    doi = "10.1016/j.nuclphysb.2006.05.018",
    journal = "Nucl. Phys. B",
    volume = "751",
    pages = "18--52",
    year = "2006"
}

@article{Agashe:2014kda,
    author = "Olive, K.A. and others",
    collaboration = "Particle Data Group",
    title = "{Review of Particle Physics}",
    doi = "10.1088/1674-1137/38/9/090001",
    journal = "Chin. Phys. C",
    volume = "38",
    pages = "090001",
    year = "2014"
}

@article{deFlorian:2012wk,
    author = "de Florian, Daniel and Rotstein Habarnau, Yamila",
    title = "{Polarized semi-inclusive electroweak structure functions at next-to-leading-order}",
    eprint = "1210.7203",
    archivePrefix = "arXiv",
    primaryClass = "hep-ph",
    doi = "10.1140/epjc/s10052-013-2356-3",
    journal = "Eur. Phys. J. C",
    volume = "73",
    number = "3",
    pages = "2356",
    year = "2013"
}

@article{Scimemi:2017etj,
    author = "Scimemi, Ignazio and Vladimirov, Alexey",
    title = "{Analysis of vector boson production within TMD factorization}",
    eprint = "1706.01473",
    archivePrefix = "arXiv",
    primaryClass = "hep-ph",
    doi = "10.1140/epjc/s10052-018-5557-y",
    journal = "Eur. Phys. J. C",
    volume = "78",
    number = "2",
    pages = "89",
    year = "2018"
}

@book{Collins:2011zzd,
    author = "Collins, John",
    title = "{Foundations of perturbative QCD}",
    isbn = "978-1-107-64525-7, 978-1-107-64525-7, 978-0-521-85533-4, 978-1-139-09782-6",
    publisher = "Cambridge University Press",
    volume = "32",
    month = "11",
    year = "2013"
}

@article{Ogata:quadrature,
  author = "Ogata, H.",
  title = "A Numerical Integration Formula Based on the Bessel Functions",
  url = "http://www.kurims.kyoto-u.ac.jp/$\sim$okamoto/paper/Publ\_RIMS\_DE/41-4-40.pdf"
}

@article{Banfi:2010cf,
    author = "Banfi, A. and Redford, S. and Vesterinen, M. and Waller, P. and Wyatt, T.R.",
    title = "{Optimisation of variables for studying dilepton transverse momentum distributions at hadron colliders}",
    eprint = "1009.1580",
    archivePrefix = "arXiv",
    primaryClass = "hep-ex",
    reportNumber = "MAN-HEP-2010-12",
    doi = "10.1140/epjc/s10052-011-1600-y",
    journal = "Eur. Phys. J. C",
    volume = "71",
    pages = "1600",
    year = "2011"
}

@article{Catani:2015vma,
    author = "Catani, Stefano and de Florian, Daniel and Ferrera, Giancarlo and Grazzini, Massimiliano",
    title = "{Vector boson production at hadron colliders: transverse-momentum resummation and leptonic decay}",
    eprint = "1507.06937",
    archivePrefix = "arXiv",
    primaryClass = "hep-ph",
    reportNumber = "ICAS-02-15, TIF-UNIMI-2015-10, ZU-TH-24-15",
    doi = "10.1007/JHEP12(2015)047",
    journal = "JHEP",
    volume = "12",
    pages = "047",
    year = "2015"
}

@article{Richter-Was:2016mal,
    author = "Richter-Was, E. and Was, Z.",
    title = "{Separating electroweak and strong interactions in Drell\textendash{}Yan processes at LHC: leptons angular distributions and reference frames}",
    eprint = "1605.05450",
    archivePrefix = "arXiv",
    primaryClass = "hep-ph",
    reportNumber = "IFJPAN-IV-2016-11",
    doi = "10.1140/epjc/s10052-016-4319-y",
    journal = "Eur. Phys. J. C",
    volume = "76",
    number = "8",
    pages = "473",
    year = "2016"
}

@article{Gauld:2017tww,
    author = "Gauld, R. and Gehrmann-De Ridder, A. and Gehrmann, T. and Glover, E.W.N. and Huss, A.",
    title = "{Precise predictions for the angular coefficients in Z-boson production at the LHC}",
    eprint = "1708.00008",
    archivePrefix = "arXiv",
    primaryClass = "hep-ph",
    reportNumber = "IPPP-17-58, ZU-TH-21-17",
    doi = "10.1007/JHEP11(2017)003",
    journal = "JHEP",
    volume = "11",
    pages = "003",
    year = "2017"
}

@article{Diehl:2003ny,
    author = "Diehl, M.",
    title = "{Generalized parton distributions}",
    eprint = "hep-ph/0307382",
    archivePrefix = "arXiv",
    reportNumber = "DESY-THESIS-2003-018",
    doi = "10.1016/j.physrep.2003.08.002",
    journal = "Phys. Rept.",
    volume = "388",
    pages = "41--277",
    year = "2003"
}

@article{Blumlein:1999sc,
    author = "Blumlein, Johannes and Geyer, Bodo and Robaschik, Dieter",
    title = "{The Virtual Compton amplitude in the generalized Bjorken region: twist-2 contributions}",
    eprint = "hep-ph/9903520",
    archivePrefix = "arXiv",
    reportNumber = "DESY-99-020, NTZ-16-99",
    doi = "10.1016/S0550-3213(99)00418-6",
    journal = "Nucl. Phys. B",
    volume = "560",
    pages = "283--344",
    year = "1999"
}

@article{Radyushkin:1997ki,
    author = "Radyushkin, A.V.",
    title = "{Nonforward parton distributions}",
    eprint = "hep-ph/9704207",
    archivePrefix = "arXiv",
    reportNumber = "JLAB-THY-97-10",
    doi = "10.1103/PhysRevD.56.5524",
    journal = "Phys. Rev. D",
    volume = "56",
    pages = "5524--5557",
    year = "1997"
}

@article{Ji:1996nm,
    author = "Ji, Xiang-Dong",
    title = "{Deeply virtual Compton scattering}",
    eprint = "hep-ph/9609381",
    archivePrefix = "arXiv",
    reportNumber = "UMD-PP-97-26, MIT-CTP-2568",
    doi = "10.1103/PhysRevD.55.7114",
    journal = "Phys. Rev. D",
    volume = "55",
    pages = "7114--7125",
    year = "1997"
}

@article{Vinnikov:2006xw,
    author = "Vinnikov, A.V.",
    title = "{Code for prompt numerical computation of the leading order GPD evolution}",
    eprint = "hep-ph/0604248",
    archivePrefix = "arXiv",
    month = "4",
    year = "2006"
}

@article{Mueller:1998fv,
    author = {M\"uller, Dieter and Robaschik, D. and Geyer, B. and Dittes, F.-M. and Ho\v{r}ej\v{s}i, J.},
    title = "{Wave functions, evolution equations and evolution kernels from light ray operators of QCD}",
    eprint = "hep-ph/9812448",
    archivePrefix = "arXiv",
    reportNumber = "NTZ-6-91, NTZ-91-6",
    doi = "10.1002/prop.2190420202",
    journal = "Fortsch. Phys.",
    volume = "42",
    pages = "101--141",
    year = "1994"
}

@article{Mikhailov:1984ii,
    author = "Mikhailov, S.V. and Radyushkin, A.V.",
    title = "{Evolution Kernels in \{QCD\}: Two Loop Calculation in Feynman Gauge}",
    reportNumber = "JINR-P2-84-534",
    doi = "10.1016/0550-3213(85)90213-5",
    journal = "Nucl. Phys. B",
    volume = "254",
    pages = "89--126",
    year = "1985"
}

@article{Chetyrkin:1999qi,
    author = "Chetyrkin, K.G. and Steinhauser, M.",
    title = "{The Relation between the MS-bar and the on-shell quark mass at order alpha(s)**3}",
    eprint = "hep-ph/9911434",
    archivePrefix = "arXiv",
    reportNumber = "DESY-99-174, TTP-99-47",
    doi = "10.1016/S0550-3213(99)00784-1",
    journal = "Nucl. Phys. B",
    volume = "573",
    pages = "617--651",
    year = "2000"
}

@article{Chetyrkin:1999pq,
    author = "Chetyrkin, K.G. and Retey, A.",
    title = "{Renormalization and running of quark mass and field in the regularization invariant and MS-bar schemes at three loops and four loops}",
    eprint = "hep-ph/9910332",
    archivePrefix = "arXiv",
    reportNumber = "TTP-99-43",
    doi = "10.1016/S0550-3213(00)00331-X",
    journal = "Nucl. Phys. B",
    volume = "583",
    pages = "3--34",
    year = "2000"
}

@article{Melnikov:2000qh,
    author = "Melnikov, Kirill and Ritbergen, Timo van",
    title = "{The Three loop relation between the MS-bar and the pole quark masses}",
    eprint = "hep-ph/9912391",
    archivePrefix = "arXiv",
    reportNumber = "SLAC-PUB-8321, TTP-99-51",
    doi = "10.1016/S0370-2693(00)00507-4",
    journal = "Phys. Lett. B",
    volume = "482",
    pages = "99--108",
    year = "2000"
}

@article{Alekhin:2010sv,
    author = "Alekhin, S. and Moch, S.",
    title = "{Heavy-quark deep-inelastic scattering with a running mass}",
    eprint = "1011.5790",
    archivePrefix = "arXiv",
    primaryClass = "hep-ph",
    reportNumber = "DESY-10-212",
    doi = "10.1016/j.physletb.2011.04.026",
    journal = "Phys. Lett. B",
    volume = "699",
    pages = "345--353",
    year = "2011"
}

@book{AbramowitzStegun,
  added-at = {2008-06-25T06:25:58.000+0200},
  address = {New York},
  author = {Abramowitz, Milton and Stegun, Irene A.},
  biburl = {https://www.bibsonomy.org/bibtex/223ec744709b3a776a1af0a3fd65cd09f/a_olympia},
  description = {BibTeX - Wikipedia, the free encyclopedia},
  edition = {ninth Dover printing, tenth GPO printing},
  interhash = {d4914a420f489f7c5129ed01ec3cf80c},
  intrahash = {23ec744709b3a776a1af0a3fd65cd09f},
  keywords = {Handbook},
  publisher = {Dover},
  timestamp = {2008-06-25T06:25:58.000+0200},
  title = {Handbook of Mathematical Functions with Formulas, Graphs, and Mathematical Tables},
  year = 1964
}

@article{Vogt:2004ns,
    author = "Vogt, A.",
    title = "{Efficient evolution of unpolarized and polarized parton distributions with QCD-PEGASUS}",
    eprint = "hep-ph/0408244",
    archivePrefix = "arXiv",
    reportNumber = "NIKHEF-04-011",
    doi = "10.1016/j.cpc.2005.03.103",
    journal = "Comput. Phys. Commun.",
    volume = "170",
    pages = "65--92",
    year = "2005"
}

@article{Chetyrkin:1997sg,
    author = "Chetyrkin, K.G. and Kniehl, Bernd A. and Steinhauser, M.",
    title = "{Strong coupling constant with flavor thresholds at four loops in the MS scheme}",
    eprint = "hep-ph/9706430",
    archivePrefix = "arXiv",
    reportNumber = "MPI-PHT-97-025",
    doi = "10.1103/PhysRevLett.79.2184",
    journal = "Phys. Rev. Lett.",
    volume = "79",
    pages = "2184--2187",
    year = "1997"
}

@article{Buza:1996wv,
    author = "Buza, M. and Matiounine, Y. and Smith, J. and van Neerven, W.L.",
    title = "{Charm electroproduction viewed in the variable flavor number scheme versus fixed order perturbation theory}",
    eprint = "hep-ph/9612398",
    archivePrefix = "arXiv",
    reportNumber = "NIKHEF-96-027, ITP-SB-96-66, DESY-96-258, INLO-PUB-22-96",
    doi = "10.1007/BF01245820",
    journal = "Eur. Phys. J. C",
    volume = "1",
    pages = "301--320",
    year = "1998"
}

@article{Chetyrkin:2000yt,
    author = "Chetyrkin, K.G. and Kuhn, Johann H. and Steinhauser, M.",
    title = "{RunDec: A Mathematica package for running and decoupling of the strong coupling and quark masses}",
    eprint = "hep-ph/0004189",
    archivePrefix = "arXiv",
    reportNumber = "DESY-00-034, TTP-00-05",
    doi = "10.1016/S0010-4655(00)00155-7",
    journal = "Comput. Phys. Commun.",
    volume = "133",
    pages = "43--65",
    year = "2000"
}

@article{Catani:2012qa,
    author = "Catani, Stefano and Cieri, Leandro and de Florian, Daniel and Ferrera, Giancarlo and Grazzini, Massimiliano",
    title = "{Vector boson production at hadron colliders: hard-collinear coefficients at the NNLO}",
    eprint = "1209.0158",
    archivePrefix = "arXiv",
    primaryClass = "hep-ph",
    reportNumber = "ZU-TH-16-12",
    doi = "10.1140/epjc/s10052-012-2195-7",
    journal = "Eur. Phys. J. C",
    volume = "72",
    pages = "2195",
    year = "2012"
}

@article{Echevarria:2016scs,
    author = "Echevarria, Miguel G. and Scimemi, Ignazio and Vladimirov, Alexey",
    title = "{Unpolarized Transverse Momentum Dependent Parton Distribution and Fragmentation Functions at next-to-next-to-leading order}",
    eprint = "1604.07869",
    archivePrefix = "arXiv",
    primaryClass = "hep-ph",
    doi = "10.1007/JHEP09(2016)004",
    journal = "JHEP",
    volume = "09",
    pages = "004",
    year = "2016"
}

@article{Collins:2017oxh,
    author = "Collins, John and Rogers, Ted C.",
    title = "{Connecting Different TMD Factorization Formalisms in QCD}",
    eprint = "1705.07167",
    archivePrefix = "arXiv",
    primaryClass = "hep-ph",
    reportNumber = "JLAB-THY-17-2470",
    doi = "10.1103/PhysRevD.96.054011",
    journal = "Phys. Rev. D",
    volume = "96",
    number = "5",
    pages = "054011",
    year = "2017"
}

@article{Bozzi:2005wk,
    author = "Bozzi, Giuseppe and Catani, Stefano and de Florian, Daniel and Grazzini, Massimiliano",
    title = "{Transverse-momentum resummation and the spectrum of the Higgs boson at the LHC}",
    eprint = "hep-ph/0508068",
    archivePrefix = "arXiv",
    doi = "10.1016/j.nuclphysb.2005.12.022",
    journal = "Nucl. Phys. B",
    volume = "737",
    pages = "73--120",
    year = "2006"
}

@article{vanNeerven:2000uj,
    author = "van Neerven, W.L. and Vogt, A.",
    title = "{NNLO evolution of deep inelastic structure functions: The Singlet case}",
    eprint = "hep-ph/0006154",
    archivePrefix = "arXiv",
    reportNumber = "INLO-PUB-04-00",
    doi = "10.1016/S0550-3213(00)00480-6",
    journal = "Nucl. Phys. B",
    volume = "588",
    pages = "345--373",
    year = "2000"
}

@article{Meng:1995yn,
    author = "Meng, Ruibin and Olness, Fredrick I. and Soper, Davison E.",
    title = "{Semiinclusive deeply inelastic scattering at small q(T)}",
    eprint = "hep-ph/9511311",
    archivePrefix = "arXiv",
    reportNumber = "CTEQ-409",
    doi = "10.1103/PhysRevD.54.1919",
    journal = "Phys. Rev. D",
    volume = "54",
    pages = "1919--1935",
    year = "1996"
}

@article{Collins:2016hqq,
    author = "Collins, J. and Gamberg, L. and Prokudin, A. and Rogers, T.C. and Sato, N. and Wang, B.",
    title = "{Relating Transverse Momentum Dependent and Collinear Factorization Theorems in a Generalized Formalism}",
    eprint = "1605.00671",
    archivePrefix = "arXiv",
    primaryClass = "hep-ph",
    reportNumber = "JLAB-THY-16-2245",
    doi = "10.1103/PhysRevD.94.034014",
    journal = "Phys. Rev. D",
    volume = "94",
    number = "3",
    pages = "034014",
    year = "2016"
}

@article{Nadolsky:1999kb,
    author = "Nadolsky, Pavel M. and Stump, D.R. and Yuan, C.P.",
    title = "{Semiinclusive hadron production at HERA: The Effect of QCD gluon resummation}",
    eprint = "hep-ph/9906280",
    archivePrefix = "arXiv",
    reportNumber = "MSUHEP-90601",
    doi = "10.1103/PhysRevD.64.059903",
    journal = "Phys. Rev. D",
    volume = "61",
    pages = "014003",
    year = "2000",
    note = "[Erratum: Phys.Rev.D 64, 059903 (2001)]"
}

@article{Bacchetta:2008xw,
    author = "Bacchetta, Alessandro and Boer, Daniel and Diehl, Markus and Mulders, Piet J.",
    title = "{Matches and mismatches in the descriptions of semi-inclusive processes at low and high transverse momentum}",
    eprint = "0803.0227",
    archivePrefix = "arXiv",
    primaryClass = "hep-ph",
    reportNumber = "DESY-08-023",
    doi = "10.1088/1126-6708/2008/08/023",
    journal = "JHEP",
    volume = "08",
    pages = "023",
    year = "2008"
}

@article{Daleo:2004pn,
    author = "Daleo, A. and de Florian, D. and Sassot, R.",
    title = "{O(alpha**2(s)) QCD corrections to the electroproduction of hadrons with high transverse momentum}",
    eprint = "hep-ph/0411212",
    archivePrefix = "arXiv",
    doi = "10.1103/PhysRevD.71.034013",
    journal = "Phys. Rev. D",
    volume = "71",
    pages = "034013",
    year = "2005"
}

@article{Bertone:2017gds,
    author = "Bertone, Valerio",
    editor = "Klein, Uta",
    title = "{APFEL++: A new PDF evolution library in C++}",
    eprint = "1708.00911",
    archivePrefix = "arXiv",
    primaryClass = "hep-ph",
    doi = "10.22323/1.297.0201",
    journal = "PoS",
    volume = "DIS2017",
    pages = "201",
    year = "2018"
}

@article{Furmanski:1981cw,
    author = "Furmanski, W. and Petronzio, R.",
    title = "{Lepton - Hadron Processes Beyond Leading Order in Quantum Chromodynamics}",
    reportNumber = "CERN-TH-3046",
    doi = "10.1007/BF01578280",
    journal = "Z. Phys. C",
    volume = "11",
    pages = "293",
    year = "1982"
}

@book{Ellis:1991qj,
    author = "Ellis, R.Keith and Stirling, W.James and Webber, B.R.",
    title = "{QCD and collider physics}",
    isbn = "978-0-511-82328-2, 978-0-521-54589-1",
    publisher = "Cambridge University Press",
    volume = "8",
    month = "2",
    year = "2011"
}

@article{DelDebbio:2007ee,
    author = "Del Debbio, Luigi and Forte, Stefano and Latorre, Jose I. and Piccione, Andrea and Rojo, Joan",
    collaboration = "NNPDF",
    title = "{Neural network determination of parton distributions: The Nonsinglet case}",
    eprint = "hep-ph/0701127",
    archivePrefix = "arXiv",
    reportNumber = "UB-ECM-PF-06-17, IFUM-882-FT, GEF-TH-01-2007",
    doi = "10.1088/1126-6708/2007/03/039",
    journal = "JHEP",
    volume = "03",
    pages = "039",
    year = "2007"
}

@article{Bogolyubov:1960cha,
    author = "Bogolyubov, N.N. and Logunov, A.A. and Shirkov, D.V.",
    title = "{The method of dispersion relations and perturbation theory}",
    reportNumber = "\CYRO{}\CYRI{}\CYRYA{}\CYRI{}-\CYRR{}-295, JINR-R-295, JINR-P-295, NP-7458",
    journal = "Sov. Phys. JETP",
    volume = "10",
    number = "3",
    pages = "574--581",
    year = "1960"
}

@article{Bakulev:2005gw,
    author = "Bakulev, A.P. and Mikhailov, S.V. and Stefanis, N.G.",
    title = "{QCD analytic perturbation theory: From integer powers to any power of the running coupling}",
    eprint = "hep-ph/0506311",
    archivePrefix = "arXiv",
    reportNumber = "JINR-E2-2005-156, RUB-TRII-06-05, RUB-TPII-06-05",
    doi = "10.1103/PhysRevD.72.074014",
    journal = "Phys. Rev. D",
    volume = "72",
    pages = "074014",
    year = "2005"
}

@article{Vogelsang:1997ak,
    author = "Vogelsang, Werner",
    title = "{Next-to-leading order evolution of transversity distributions and Soffer's inequality}",
    eprint = "hep-ph/9706511",
    archivePrefix = "arXiv",
    reportNumber = "CERN-TH-97-132",
    doi = "10.1103/PhysRevD.57.1886",
    journal = "Phys. Rev. D",
    volume = "57",
    pages = "1886--1894",
    year = "1998"
}

@article{Stratmann:2001pt,
    author = "Stratmann, Marco and Vogelsang, Werner",
    title = "{Next-to-leading order QCD evolution of transversity fragmentation functions}",
    eprint = "hep-ph/0108241",
    archivePrefix = "arXiv",
    reportNumber = "BNL-NT-01-20, RBRC-195",
    doi = "10.1103/PhysRevD.65.057502",
    journal = "Phys. Rev. D",
    volume = "65",
    pages = "057502",
    year = "2002"
}

@article{Riemersma:1994hv,
    author = "Riemersma, S. and Smith, J. and van Neerven, W.L.",
    title = "{Rates for inclusive deep inelastic electroproduction of charm quarks at HERA}",
    eprint = "hep-ph/9411431",
    archivePrefix = "arXiv",
    reportNumber = "SMU-HEP-94-25, ITP-SB-94-59, INLO-PUB-16-94",
    doi = "10.1016/0370-2693(95)00036-K",
    journal = "Phys. Lett. B",
    volume = "347",
    pages = "143--151",
    year = "1995"
}

@article{Gao:2017kkx,
    author = "Gao, Jun",
    title = "{Massive charged-current coefficient functions in deep-inelastic scattering at NNLO and impact on strange-quark distributions}",
    eprint = "1710.04258",
    archivePrefix = "arXiv",
    primaryClass = "hep-ph",
    doi = "10.1007/JHEP02(2018)026",
    journal = "JHEP",
    volume = "02",
    pages = "026",
    year = "2018"
}

@article{Lepage:1980fj,
    author = "Lepage, G. Peter and Brodsky, Stanley J.",
    title = "{Exclusive Processes in Perturbative Quantum Chromodynamics}",
    reportNumber = "SLAC-PUB-2478",
    doi = "10.1103/PhysRevD.22.2157",
    journal = "Phys. Rev. D",
    volume = "22",
    pages = "2157",
    year = "1980"
}

@article{Mankiewicz:1997bk,
    author = "Mankiewicz, L. and Piller, G. and Stein, E. and Vanttinen, M. and Weigl, T.",
    title = "{NLO corrections to deeply virtual Compton scattering}",
    eprint = "hep-ph/9712251",
    archivePrefix = "arXiv",
    reportNumber = "TUM-T39-97-31, DFTT-73-97",
    doi = "10.1016/S0370-2693(98)00190-7",
    journal = "Phys. Lett. B",
    volume = "425",
    pages = "186--192",
    year = "1998",
    note = "[Erratum: Phys.Lett.B 461, 423--423 (1999)]"
}

@article{Ji:1998xh,
    author = "Ji, Xiang-Dong and Osborne, Jonathan",
    title = "{One loop corrections and all order factorization in deeply virtual Compton scattering}",
    eprint = "hep-ph/9801260",
    archivePrefix = "arXiv",
    reportNumber = "UMD-PP-98-074, DOE-ER-40762-139",
    doi = "10.1103/PhysRevD.58.094018",
    journal = "Phys. Rev. D",
    volume = "58",
    pages = "094018",
    year = "1998"
}

@article{Pire:2011st,
    author = "Pire, B. and Szymanowski, L. and Wagner, J.",
    title = "{NLO corrections to timelike, spacelike and double deeply virtual Compton scattering}",
    eprint = "1101.0555",
    archivePrefix = "arXiv",
    primaryClass = "hep-ph",
    doi = "10.1103/PhysRevD.83.034009",
    journal = "Phys. Rev. D",
    volume = "83",
    pages = "034009",
    year = "2011"
}

@article{Braun:2020yib,
    author = "Braun, V. M. and Manashov, A. N. and Moch, S. and Schoenleber, J.",
    title = "{Two-loop coefficient function for DVCS: vector contributions}",
    eprint = "2007.06348",
    archivePrefix = "arXiv",
    primaryClass = "hep-ph",
    reportNumber = "DESY-20-116, DESY 20-116",
    doi = "10.1007/JHEP09(2020)117",
    journal = "JHEP",
    volume = "09",
    pages = "117",
    year = "2020"
}

@article{Mueller:2005ed,
    author = "Mueller, Dieter and Schafer, A.",
    title = "{Complex conformal spin partial wave expansion of generalized parton distributions and distribution amplitudes}",
    eprint = "hep-ph/0509204",
    archivePrefix = "arXiv",
    doi = "10.1016/j.nuclphysb.2006.01.019",
    journal = "Nucl. Phys. B",
    volume = "739",
    pages = "1--59",
    year = "2006"
}

@article{Artru:1989zv,
    author = "Artru, Xavier and Mekhfi, Mustapha",
    title = "{Transversely Polarized Parton Densities, their Evolution and their Measurement}",
    reportNumber = "LPTHE-ORSAY-89-25",
    doi = "10.1007/BF01556280",
    journal = "Z. Phys. C",
    volume = "45",
    pages = "669",
    year = "1990"
}

@article{Vogelsang:1998yd,
    author = "Vogelsang, Werner",
    editor = "Fialkowski, K. and Jezabek, M.",
    title = "{Q**2 evolution of spin dependent parton densities}",
    eprint = "hep-ph/9805295",
    archivePrefix = "arXiv",
    reportNumber = "CERN-TH-98-151",
    journal = "Acta Phys. Polon. B",
    volume = "29",
    pages = "1189--1200",
    year = "1998"
}

@article{Ebert:2020dfc,
    author = "Ebert, Markus A. and Michel, Johannes K. L. and Stewart, Iain W. and Tackmann, Frank J.",
    title = "{Drell-Yan $q_{T}$ resummation of fiducial power corrections at N$^{3}$LL}",
    eprint = "2006.11382",
    archivePrefix = "arXiv",
    primaryClass = "hep-ph",
    reportNumber = "DESY-20-016, DESY 20-016, MIT-CTP 5205",
    doi = "10.1007/JHEP04(2021)102",
    journal = "JHEP",
    volume = "04",
    pages = "102",
    year = "2021"
}

@article{E772:1994cpf,
    author = "McGaughey, P. L. and others",
    collaboration = "E772",
    title = "{Cross-sections for the production of high mass muon pairs from 800-GeV proton bombardment of H-2}",
    reportNumber = "FERMILAB-PUB-94-038-E",
    doi = "10.1103/PhysRevD.50.3038",
    journal = "Phys. Rev. D",
    volume = "50",
    pages = "3038--3045",
    year = "1994",
    note = "[Erratum: Phys.Rev.D 60, 119903 (1999)]"
}

@article{Bacchetta:2017gcc,
    author = "Bacchetta, Alessandro and Delcarro, Filippo and Pisano, Cristian and Radici, Marco and Signori, Andrea",
    title = "{Extraction of partonic transverse momentum distributions from semi-inclusive deep-inelastic scattering, Drell-Yan and Z-boson production}",
    eprint = "1703.10157",
    archivePrefix = "arXiv",
    primaryClass = "hep-ph",
    reportNumber = "JLAB-THY-17-2437",
    doi = "10.1007/JHEP06(2017)081",
    journal = "JHEP",
    volume = "06",
    pages = "081",
    year = "2017",
    note = "[Erratum: JHEP 06, 051 (2019)]"
}

@article{Bertone:2018ecm,
    author = "Bertone, V. and Hartland, N. P. and Nocera, E. R. and Rojo, J. and Rottoli, L.",
    collaboration = "NNPDF",
    title = "{Charged hadron fragmentation functions from collider data}",
    eprint = "1807.03310",
    archivePrefix = "arXiv",
    primaryClass = "hep-ph",
    reportNumber = "NIKHEF-2018-027, OUTP-18-01P",
    doi = "10.1140/epjc/s10052-018-6130-4",
    journal = "Eur. Phys. J. C",
    volume = "78",
    number = "8",
    pages = "651",
    year = "2018"
}

@article{COMPASS:2016xvm,
    author = "Adolph, C. and others",
    collaboration = "COMPASS",
    title = "{Multiplicities of charged pions and charged hadrons from deep-inelastic scattering of muons off an isoscalar target}",
    eprint = "1604.02695",
    archivePrefix = "arXiv",
    primaryClass = "hep-ex",
    reportNumber = "CERN-EP-2016-095",
    doi = "10.1016/j.physletb.2016.09.042",
    journal = "Phys. Lett. B",
    volume = "764",
    pages = "1--10",
    year = "2017"
}

@article{Bertone:2017tyb,
    author = "Bertone, Valerio and Carrazza, Stefano and Hartland, Nathan P. and Nocera, Emanuele R. and Rojo, Juan",
    collaboration = "NNPDF",
    title = "{A determination of the fragmentation functions of pions, kaons, and protons with faithful uncertainties}",
    eprint = "1706.07049",
    archivePrefix = "arXiv",
    primaryClass = "hep-ph",
    reportNumber = "CERN-TH-2017-122, OUTP-16-15P, NIKHEF-2016-047",
    doi = "10.1140/epjc/s10052-017-5088-y",
    journal = "Eur. Phys. J. C",
    volume = "77",
    number = "8",
    pages = "516",
    year = "2017"
}

@article{Surguladze:1996hx,
    author = "Surguladze, Levan R.",
    title = "{O(alpha**n alpha-s**m) corrections in e+ e- annihilation and tau decay}",
    eprint = "hep-ph/9803211",
    archivePrefix = "arXiv",
    reportNumber = "UAHEP-969",
    month = "9",
    year = "1996"
}

@article{deFlorian:2016gvk,
    author = "de Florian, Daniel and Sborlini, Germ\'an F. R. and Rodrigo, Germ\'an",
    title = "{Two-loop QED corrections to the Altarelli-Parisi splitting functions}",
    eprint = "1606.02887",
    archivePrefix = "arXiv",
    primaryClass = "hep-ph",
    reportNumber = "ICAS-09-16, IFIC-15-88",
    doi = "10.1007/JHEP10(2016)056",
    journal = "JHEP",
    volume = "10",
    pages = "056",
    year = "2016"
}

@article{deFlorian:2015ujt,
    author = "de Florian, Daniel and Sborlini, Germ\'an F. R. and Rodrigo, Germ\'an",
    title = "{QED corrections to the Altarelli\textendash{}Parisi splitting functions}",
    eprint = "1512.00612",
    archivePrefix = "arXiv",
    primaryClass = "hep-ph",
    reportNumber = "ICAS-03-15, IFIC-15-81",
    doi = "10.1140/epjc/s10052-016-4131-8",
    journal = "Eur. Phys. J. C",
    volume = "76",
    number = "5",
    pages = "282",
    year = "2016"
}

@article{Bertone:2013vaa,
    author = "Bertone, Valerio and Carrazza, Stefano and Rojo, Juan",
    title = "{APFEL: A PDF Evolution Library with QED corrections}",
    eprint = "1310.1394",
    archivePrefix = "arXiv",
    primaryClass = "hep-ph",
    reportNumber = "IFUM-1015-FT, CERN-PH-TH-2013-209",
    doi = "10.1016/j.cpc.2014.03.007",
    journal = "Comput. Phys. Commun.",
    volume = "185",
    pages = "1647--1668",
    year = "2014"
}

@article{Bertone:2022sso,
    author = "Bertone, V. and Bozzi, G. and Hautmann, F.",
    title = "{Perturbative hysteresis and emergent resummation scales}",
    eprint = "2202.03380",
    archivePrefix = "arXiv",
    primaryClass = "hep-ph",
    month = "2",
    year = "2022"
}

@article{Echevarria:2020hpy,
    author = "Echevarria, Miguel G. and Kang, Zhong-Bo and Terry, John",
    title = "{Global analysis of the Sivers functions at NLO+NNLL in QCD}",
    eprint = "2009.10710",
    archivePrefix = "arXiv",
    primaryClass = "hep-ph",
    doi = "10.1007/JHEP01(2021)126",
    journal = "JHEP",
    volume = "01",
    pages = "126",
    year = "2021"
}

@article{Gehrmann:1997pi,
    author = "Gehrmann, T.",
    title = "{QCD corrections to the longitudinally polarized Drell-Yan process}",
    eprint = "hep-ph/9702263",
    archivePrefix = "arXiv",
    reportNumber = "DESY-97-014",
    doi = "10.1016/S0550-3213(97)00271-X",
    journal = "Nucl. Phys. B",
    volume = "498",
    pages = "245--266",
    year = "1997"
}

@article{Gehrmann:1997ez,
    author = "Gehrmann, T.",
    title = "{QCD corrections to double and single spin asymmetries in vector boson production at polarized hadron colliders}",
    eprint = "hep-ph/9710508",
    archivePrefix = "arXiv",
    reportNumber = "DESY-97-205",
    doi = "10.1016/S0550-3213(98)00541-0",
    journal = "Nucl. Phys. B",
    volume = "534",
    pages = "21--39",
    year = "1998"
}

@article{Bonvini:2010tp,
    author = "Bonvini, Marco and Forte, Stefano and Ridolfi, Giovanni",
    title = "{Soft gluon resummation of Drell-Yan rapidity distributions: Theory and phenomenology}",
    eprint = "1009.5691",
    archivePrefix = "arXiv",
    primaryClass = "hep-ph",
    reportNumber = "IFUM-964-FT, GEF-TH-3-10",
    doi = "10.1016/j.nuclphysb.2011.01.023",
    journal = "Nucl. Phys. B",
    volume = "847",
    pages = "93--159",
    year = "2011"
}

@article{Altarelli:1979ub,
    author = "Altarelli, Guido and Ellis, R. Keith and Martinelli, G.",
    title = "{Large Perturbative Corrections to the Drell-Yan Process in QCD}",
    reportNumber = "MIT-CTP-776",
    doi = "10.1016/0550-3213(79)90116-0",
    journal = "Nucl. Phys. B",
    volume = "157",
    pages = "461--497",
    year = "1979"
}

@article{Bonino:2024qbh,
    author = "Bonino, Leonardo and Gehrmann, Thomas and Stagnitto, Giovanni",
    title = "{Semi-inclusive deep-inelastic scattering at NNLO in QCD}",
    eprint = "2401.16281",
    archivePrefix = "arXiv",
    primaryClass = "hep-ph",
    reportNumber = "ZU-TH 07/24",
    month = "1",
    year = "2024"
}
